,BUILDING_BP1 길이옵셋,BUILDING_BP1 오픈/오버랩량 조정,BUILDING_Belt #1 - 길이,BUILDING_Belt #1 - 폭 ,BUILDING_Belt #2 - 길이,BUILDING_Belt #2 - 폭 ,BUILDING_Belt Offset,BUILDING_Belt 각도,BUILDING_Carcass #1 - 폭 ,BUILDING_Carcass #2 - 폭 ,BUILDING_Inner - 폭 ,BUILDING_PA - 길이,BUILDING_PA - 폭 ,BUILDING_Splice Lap-BP1-우,BUILDING_Splice Lap-BP1-좌,BUILDING_Splice Lap-BP1-중,BUILDING_Splice Lap-PA-우,BUILDING_Splice Lap-PA-좌,BUILDING_Splice Lap-PA-중,BUILDING_Splice Lap-벨트1-우,BUILDING_Splice Lap-벨트1-좌,BUILDING_Splice Lap-벨트1-중,BUILDING_Splice Lap-벨트2-우,BUILDING_Splice Lap-벨트2-좌,BUILDING_Splice Lap-벨트2-중,BUILDING_Splice Lap-트래드-우,BUILDING_Splice Lap-트래드-좌,BUILDING_Splice Lap-트래드-중,BUILDING_T/D 스티칭 압력 - Setting - 폭,BUILDING_Tread 길이 - 세팅,BUILDING_Tread 길이 - 실측,BUILDING_Tread 폭 - 세팅,BUILDING_Tread 폭 - 실측,BUILDING_WRK_DATE,BUILDING_멀티롤압력센-BP1-Ch1,BUILDING_멀티롤압력센-BP1-Ch2-우,BUILDING_멀티롤압력센-BP1-Ch2-좌,BUILDING_멀티롤압력센-BP1-Ch3-우,BUILDING_멀티롤압력센-BP1-Ch3-좌,BUILDING_멀티롤압력센-BP1-Ch4-우,BUILDING_멀티롤압력센-BP1-Ch4-좌,BUILDING_멀티롤압력센-BP1-Ch5-우,BUILDING_멀티롤압력센-BP1-Ch5-좌,BUILDING_멀티롤압력센-BP1-Ch6-우,BUILDING_멀티롤압력센-BP1-Ch6-좌,BUILDING_멀티롤압력센-BP1-Ch7-우,BUILDING_멀티롤압력센-BP1-Ch7-좌,BUILDING_재료길이-BP1 App CV,BUILDING_재료길이-BP1 FrontCV,BUILDING_재료길이-BP1 Mid CV,BUILDING_재료길이-BP1 Mid_우 CV,BUILDING_재료길이-BP1 컷팅 CV,BUILDING_재료길이-PA App CV,BUILDING_재료길이-PA 컷팅 CV,BUILDING_재료옵셋-BP1,BUILDING_재료옵셋-PA,gt_LWM_STD_WGT,gt_MRM_WGT,gt_STD_WGT,gt_UPM_STD_WGT
45871,40.0,86.0,1963.07,221.72,1969.77,208.13,6.2,27.0,621.14,441.66,422.19,1404.5,600.48,7.5,4.6,5.6,9.2,9.3,9.1,3.1,2.8,2.3,1.2,2.2,2.0,2.2,5.0,1.1,240.0,2005.0,2003.87,260.0,262.05,20230225,3.0,2.3,3.0,2.4,3.0,2.3,3.0,2.3,3.0,0.0,0.0,0.0,0.0,1404.3,1936.7,1405.4,1405.7,1405.7,624.5,1472.9,1415.0,1404.5,10.469,10.79,10.737,11.005
45872,100.0,86.0,1952.35,211.04,1957.88,200.18,5.0,27.0,621.14,441.6,403.9,1404.5,593.3,6.8,5.5,5.7,7.6,8.2,7.9,6.0,4.1,99.9,0.0,0.9,1.3,0.4,1.3,0.7,220.0,1983.0,1984.01,252.0,251.25,20230225,3.0,2.3,0.3,2.4,0.5,2.3,0.5,2.3,0.5,0.0,0.5,0.0,0.0,1404.7,1934.9,1405.4,1405.7,1405.4,569.7,1463.9,1415.0,1404.5,10.469,10.7,10.737,11.005
45873,100.0,86.0,1951.67,211.04,1957.88,198.94,5.0,27.0,621.11,441.6,402.88,1404.5,593.4,6.8,5.5,5.7,8.1,8.8,8.6,6.0,4.1,99.9,0.0,0.0,1.7,0.9,3.7,1.1,220.0,1983.0,1982.58,252.0,250.98,20230225,3.0,2.3,0.3,2.4,0.5,2.3,0.5,2.3,0.5,0.0,0.5,0.0,0.0,1989.6,1936.7,1404.9,1404.2,1405.4,1397.0,1464.5,1415.0,1404.5,10.469,10.66,10.737,11.005
45874,100.0,86.0,1953.92,210.9,1956.75,198.94,4.7,27.0,621.1,441.6,401.86,1404.5,593.54,6.8,5.7,5.3,9.0,8.8,9.9,5.0,4.7,2.9,0.6,0.0,1.7,2.8,3.7,1.1,220.0,1983.0,1982.58,252.0,251.2,20230225,3.0,2.0,0.3,2.0,0.5,2.0,0.5,2.0,0.5,0.0,0.5,0.0,0.0,1989.6,1936.7,1403.9,1404.2,1405.1,624.5,1464.5,1415.0,1404.5,10.469,10.7,10.737,11.005
45875,100.0,86.0,1956.38,211.8,1959.66,199.23,4.7,27.0,621.1,441.6,402.88,1404.5,593.54,7.1,6.0,6.0,9.0,8.6,9.9,5.0,4.7,2.9,1.5,0.0,2.0,6.0,4.1,6.0,220.0,1983.0,1983.29,252.0,251.23,20230225,3.0,2.0,0.3,2.0,0.5,2.0,0.5,2.0,0.5,0.0,0.5,0.0,0.0,1967.3,1936.7,1405.7,1404.8,1405.6,624.5,1464.9,1415.0,1404.5,10.469,10.74,10.737,11.005
45876,100.0,86.0,1956.38,211.8,1959.66,199.23,4.7,27.0,621.04,441.6,403.9,1404.5,593.55,7.1,6.0,6.0,8.7,9.0,8.8,3.4,4.7,99.9,0.0,0.0,1.0,6.0,4.1,6.0,220.0,1983.0,1984.72,252.0,251.23,20230225,3.0,2.0,0.3,2.0,0.5,2.0,0.5,2.0,0.5,0.0,0.5,0.0,0.0,1967.1,1936.7,1405.7,1404.8,1405.6,1395.8,1465.5,1415.0,1404.5,10.469,10.7,10.737,11.005
45877,100.0,86.0,1954.46,211.4,1958.29,200.43,4.7,27.0,621.04,441.6,402.88,1404.5,593.55,5.9,5.9,5.9,8.3,9.0,8.8,3.4,0.0,99.9,0.0,0.0,1.0,0.4,3.7,1.3,220.0,1983.0,1984.72,252.0,250.85,20230225,3.0,2.0,0.3,2.0,0.5,2.0,0.5,2.0,0.5,0.0,0.5,0.0,0.0,1966.2,1934.9,1404.3,1404.3,1405.3,695.1,1465.5,1415.0,1404.5,10.469,10.7,10.737,11.005
45878,100.0,86.0,1954.84,211.39,1958.29,200.43,4.7,27.0,621.04,441.6,402.88,1404.5,593.28,6.4,5.0,4.6,9.4,9.7,9.1,3.4,3.1,1.7,0.0,0.0,0.0,1.3,2.2,2.8,220.0,1983.0,1984.72,252.0,250.87,20230225,3.0,2.0,0.3,2.0,0.5,2.0,0.5,2.0,0.5,0.0,0.5,0.0,0.0,1968.0,1934.9,1404.2,1404.3,1405.4,750.5,1467.0,1415.0,1404.5,10.469,10.71,10.737,11.005
45879,100.0,86.0,1954.84,211.39,1959.21,199.48,4.7,27.0,621.05,441.6,403.9,1404.5,593.28,6.4,5.0,4.6,9.4,9.7,9.1,2.5,3.1,1.7,0.0,0.0,0.7,4.1,5.0,3.7,220.0,1983.0,1982.58,252.0,251.24,20230225,3.0,2.0,0.3,2.0,0.5,2.0,0.5,2.0,0.5,0.0,0.5,0.0,0.0,1970.9,1934.9,1404.9,1404.2,1405.4,822.2,1467.0,1415.0,1404.5,10.469,10.75,10.737,11.005
45880,100.0,86.0,1954.04,211.91,1959.21,199.48,4.7,27.0,621.05,441.6,402.37,1404.5,593.35,5.5,5.0,4.2,7.8,8.8,8.4,2.8,2.5,2.0,2.2,0.0,1.7,4.1,5.0,3.7,220.0,1983.0,1982.58,252.0,251.24,20230225,3.0,2.0,0.3,2.0,0.5,2.0,0.5,2.0,0.5,0.0,0.5,0.0,0.0,1990.0,1934.9,1405.4,1404.9,1405.2,822.2,1476.8,1415.0,1404.5,10.469,10.69,10.737,11.005
45881,100.0,86.0,1955.53,212.04,1961.55,199.34,4.7,27.0,621.04,441.6,402.88,1404.5,593.35,6.6,5.3,5.3,8.1,8.8,8.8,2.8,2.5,2.0,2.2,0.0,1.7,2.2,3.7,3.2,220.0,1983.0,1984.72,252.0,251.32,20230225,3.0,2.0,0.3,2.0,0.5,2.0,0.5,2.0,0.5,0.0,0.5,0.0,0.0,1990.0,1934.9,1405.4,1404.9,1405.2,663.4,1476.8,1415.0,1404.5,10.469,10.68,10.737,11.005
45882,100.0,86.0,1955.53,212.04,1961.55,199.34,4.7,27.0,621.04,441.6,402.88,1404.5,593.42,6.6,5.3,5.3,8.5,9.7,9.5,5.0,3.8,3.2,-0.9,0.0,0.1,1.1,0.9,0.9,220.0,1983.0,1984.72,252.0,251.48,20230225,3.0,2.0,0.3,2.0,0.5,2.0,0.5,2.0,0.5,0.0,0.5,0.0,0.0,1966.7,1934.9,1405.1,1404.5,1405.1,1397.3,1467.3,1415.0,1404.5,10.469,10.7,10.737,11.005
45883,100.0,86.0,1954.78,211.91,1956.96,199.34,4.7,27.0,621.1,441.6,401.35,1404.5,593.42,5.3,6.0,5.3,8.5,9.7,9.5,5.0,3.8,3.2,0.0,0.0,2.0,3.2,3.7,2.8,220.0,1983.0,1984.01,252.0,251.48,20230225,3.0,2.0,0.3,2.0,0.5,2.0,0.5,2.0,0.5,0.0,0.5,0.0,0.0,1969.7,1934.9,1405.2,1404.5,1405.7,1396.1,1467.3,1415.0,1404.5,10.469,10.72,10.737,11.005
45884,100.0,86.0,1954.78,212.35,1959.45,199.13,4.7,27.0,621.12,441.6,401.86,1404.5,593.4,7.3,6.0,5.3,8.3,8.2,8.2,2.5,2.8,1.3,0.0,0.0,2.0,3.2,3.7,2.8,220.0,1983.0,1983.65,252.0,251.29,20230225,3.0,2.0,0.3,2.0,0.5,2.0,0.5,2.0,0.5,0.0,0.5,0.0,0.0,1969.7,1934.9,1405.2,1405.2,1406.0,668.1,1467.3,1415.0,1404.5,10.469,10.72,10.737,11.005
45885,100.0,86.0,1953.64,212.35,1959.45,199.13,4.7,27.0,621.12,441.6,400.84,1404.5,593.4,7.3,4.8,5.0,7.9,8.2,8.2,3.1,2.8,1.7,0.0,0.0,1.3,2.2,2.8,1.8,220.0,1983.0,1984.36,252.0,251.37,20230225,3.0,2.0,0.3,2.0,0.5,2.0,0.5,2.0,0.5,0.0,0.5,0.0,0.0,1931.2,1936.7,1404.6,1405.2,1406.0,668.1,1467.9,1415.0,1404.5,10.469,10.7,10.737,11.005
45886,100.0,86.0,1953.69,212.12,1959.24,198.63,4.7,27.0,621.04,441.6,402.88,1404.5,593.38,5.3,5.1,4.2,9.0,7.5,9.3,3.1,0.0,1.7,0.9,0.0,1.3,1.8,1.3,1.1,220.0,1983.0,1984.36,252.0,251.37,20230225,3.0,2.0,0.3,2.0,0.5,2.0,0.5,2.0,0.5,0.0,0.5,0.0,0.0,1966.6,1936.7,1404.6,1403.8,1405.4,595.5,1467.9,1415.0,1404.5,10.469,10.7,10.737,11.005
45887,100.0,86.0,1953.89,212.16,1959.09,199.84,4.7,27.0,621.08,441.6,402.88,1404.5,593.11,6.6,5.1,5.3,9.0,7.9,9.3,1.5,4.1,0.0,0.0,0.0,1.3,4.6,6.5,5.6,220.0,1983.0,1981.51,252.0,251.17,20230225,3.0,2.0,0.3,2.0,0.5,2.0,0.5,2.0,0.5,0.0,0.5,0.0,0.0,1968.9,1934.9,1404.5,1404.8,1405.1,1642.7,1477.8,1415.0,1404.5,10.469,10.6,10.737,11.005
45888,100.0,86.0,1953.89,212.16,1959.09,199.84,4.7,27.0,621.08,441.6,402.88,1404.5,593.22,6.6,6.2,5.3,9.2,7.9,9.5,4.1,4.1,2.0,1.2,0.0,1.0,4.6,6.5,5.6,220.0,1983.0,1981.51,252.0,250.71,20230225,3.0,2.0,0.3,2.0,0.5,2.0,0.5,2.0,0.5,0.0,0.5,0.0,0.0,2024.8,1936.7,1405.7,1404.8,1405.1,630.2,1477.8,1415.0,1404.5,10.469,10.56,10.737,11.005
45889,100.0,86.0,1954.58,211.96,1959.0,198.92,4.7,27.0,621.04,441.6,401.86,1404.5,593.14,5.9,6.2,5.0,9.2,4.8,9.9,4.1,1.9,2.0,1.2,0.0,1.0,3.7,5.0,3.7,220.0,1983.0,1981.16,252.0,250.37,20230225,3.0,2.0,0.3,2.0,0.5,2.0,0.5,2.0,0.5,0.0,0.5,0.0,0.0,2024.8,1936.7,1405.7,1404.5,1405.0,840.2,1467.9,1415.0,1404.5,10.469,10.63,10.737,11.005
45890,100.0,86.0,1954.58,212.28,1957.35,199.12,4.7,27.0,621.05,441.6,402.88,1404.5,593.1,7.3,5.1,5.3,4.5,8.2,9.9,5.3,2.5,2.6,0.0,0.0,1.0,3.7,4.1,2.8,220.0,1983.0,1983.65,252.0,250.31,20230225,3.0,2.0,0.3,2.0,0.5,2.0,0.5,2.0,0.5,0.0,0.5,0.0,0.0,1966.7,1938.5,1404.2,1404.2,1405.0,840.2,1467.0,1415.0,1404.5,10.469,10.66,10.737,11.005
45891,100.0,86.0,1953.96,212.28,1960.04,199.12,4.7,27.0,621.05,441.6,403.9,1404.5,593.06,7.3,5.1,5.3,8.5,9.0,8.4,5.3,2.5,2.6,0.0,0.0,1.7,1.8,2.8,2.8,220.0,1983.0,1983.65,252.0,250.31,20230225,3.0,2.0,0.3,2.0,0.5,2.0,0.5,2.0,0.5,0.0,0.5,0.0,0.0,1968.9,1938.5,1404.0,1404.2,1404.7,1394.0,1467.0,1415.0,1404.5,10.469,10.64,10.737,11.005
45892,100.0,86.0,1954.61,211.67,1960.04,198.61,4.7,27.0,621.07,441.6,402.88,1404.5,593.06,6.0,5.5,4.8,8.5,9.0,8.4,2.2,2.5,1.3,0.0,0.0,1.7,3.7,5.0,4.6,220.0,1983.0,1984.01,252.0,250.19,20230225,3.0,2.0,0.3,2.0,0.5,2.0,0.5,2.0,0.5,0.0,0.5,0.0,0.0,1968.9,1934.9,1404.0,1403.6,1404.6,1396.4,1465.2,1415.0,1404.5,10.469,10.72,10.737,11.005
45893,100.0,86.0,1954.61,212.49,1959.42,199.56,4.7,27.0,621.07,441.6,402.88,1404.5,592.94,6.9,5.5,4.9,8.3,8.2,8.2,2.2,2.5,1.3,0.0,0.0,1.7,3.7,5.0,4.6,220.0,1983.0,1984.01,252.0,250.29,20230225,3.0,2.0,0.3,2.0,0.5,2.0,0.5,2.0,0.5,0.0,0.5,0.0,0.0,1964.5,1934.9,1404.0,1405.7,1405.6,1396.4,1468.3,1415.0,1404.5,10.469,10.75,10.737,11.005
45894,100.0,86.0,1953.37,212.49,1959.42,199.56,4.7,27.0,621.05,441.6,403.39,1404.5,592.94,6.9,3.2,4.9,8.5,8.2,7.5,0.0,2.5,0.0,1.5,0.0,1.7,4.1,3.2,2.8,220.0,1983.0,1983.29,252.0,250.41,20230225,3.0,2.0,0.3,2.0,0.5,2.0,0.5,2.0,0.5,0.0,0.5,0.0,0.0,1967.4,1936.7,1404.2,1405.7,1405.6,1395.5,1468.3,1415.0,1404.5,10.469,10.7,10.737,11.005
45895,100.0,86.0,1952.44,211.76,1960.04,198.65,4.7,27.0,621.12,441.6,403.9,1404.5,592.66,6.6,4.2,8.1,8.5,8.1,8.2,3.8,2.5,2.0,1.5,0.0,1.7,4.1,2.2,2.8,220.0,1983.0,1984.01,252.0,250.41,20230225,3.0,2.0,0.3,2.0,0.5,2.0,0.5,2.0,0.5,0.0,0.5,0.0,0.0,1990.3,1936.7,1404.3,1403.8,1405.0,741.3,1465.7,1415.0,1404.5,10.469,10.69,10.737,11.005
45896,100.0,86.0,1952.38,212.42,1960.04,199.0,4.7,27.0,621.12,441.6,403.9,1404.5,592.57,4.2,4.2,8.1,8.3,8.1,8.2,3.8,2.8,2.0,0.0,0.0,0.0,3.7,2.2,2.2,220.0,1983.0,1984.36,252.0,250.26,20230225,3.0,2.0,0.3,2.0,0.5,2.0,0.5,2.0,0.5,0.0,0.5,0.0,0.0,1990.3,1934.9,1404.9,1404.6,1404.2,836.7,1465.5,1415.0,1404.5,10.469,10.69,10.737,11.005
45897,100.0,86.0,1952.62,212.42,1960.04,199.0,4.7,27.0,621.07,441.6,403.9,1404.5,592.92,6.8,4.6,5.0,7.9,9.1,8.8,1.5,2.8,1.3,0.0,0.0,0.0,5.0,5.0,4.1,220.0,1983.0,1984.36,252.0,250.2,20230225,3.0,2.0,0.3,2.0,0.5,2.0,0.5,2.0,0.5,0.0,0.5,0.0,0.0,1970.5,1934.9,1405.4,1405.1,1405.4,836.7,1466.4,1415.0,1404.5,10.469,10.71,10.737,11.005
45898,100.0,86.0,1953.16,211.98,1958.77,198.92,4.7,27.0,621.07,441.6,404.91,1404.5,592.92,6.8,4.6,5.0,8.3,9.1,8.8,4.1,3.4,2.9,0.6,0.3,0.7,5.0,5.0,4.1,220.0,1983.0,1984.01,252.0,250.19,20230225,3.0,2.0,0.3,2.0,0.5,2.0,0.5,2.0,0.5,0.0,0.5,0.0,0.0,1971.0,1934.9,1405.4,1405.1,1405.4,696.2,1476.2,1415.0,1404.5,10.469,10.73,10.737,11.005
45899,100.0,86.0,1953.16,212.79,1959.95,199.38,4.7,27.0,621.02,441.6,402.88,1404.5,592.91,6.0,3.7,4.4,8.3,7.5,7.2,4.1,3.4,2.9,0.6,0.0,0.4,2.2,3.2,4.1,220.0,1983.0,1983.65,252.0,250.3,20230225,3.0,2.0,0.3,2.0,0.5,2.0,0.5,2.0,0.5,0.0,0.5,0.0,0.0,1971.0,1934.9,1404.8,1404.8,1405.4,696.2,1476.9,1415.0,1404.5,10.469,10.73,10.737,11.005
45900,100.0,86.0,1953.86,212.79,1959.95,199.38,4.7,27.0,621.01,441.6,402.88,1404.5,592.91,7.3,5.3,5.5,9.2,9.7,9.5,2.2,3.1,0.0,0.0,0.0,1.0,1.8,2.2,4.1,220.0,1983.0,1984.01,252.0,250.37,20230225,3.0,2.0,0.3,2.0,0.5,2.0,0.5,2.0,0.5,0.0,0.5,0.0,0.0,1967.3,1934.9,1404.8,1404.6,1405.0,656.0,1476.9,1415.0,1404.5,10.469,10.74,10.737,11.005
45901,100.0,86.0,1953.86,212.16,1958.53,198.56,4.7,27.0,621.02,441.6,403.39,1404.5,592.84,9.3,5.3,6.2,9.2,9.7,9.5,2.2,2.8,0.0,0.0,0.3,1.0,4.1,3.2,1.8,220.0,1983.0,1984.01,252.0,250.37,20230225,3.0,2.0,0.3,2.0,0.5,2.0,0.5,2.0,0.5,0.0,0.5,0.0,0.0,1969.5,1934.9,1404.5,1404.6,1405.5,656.0,1467.6,1415.0,1404.5,10.469,10.77,10.737,11.005
45902,100.0,86.0,1953.63,212.36,1958.53,199.41,4.7,27.0,621.11,441.6,401.86,1404.5,592.84,9.3,5.1,6.2,7.8,7.5,7.3,1.9,1.2,1.0,0.0,0.0,1.7,5.0,5.0,4.1,220.0,1983.0,1984.01,252.0,250.48,20230225,3.0,2.0,0.3,2.0,0.5,2.0,0.5,2.0,0.5,0.0,0.5,0.0,0.0,1969.7,1934.9,1405.5,1404.3,1405.5,581.0,1467.0,1415.0,1404.5,10.469,10.73,10.737,11.005
45903,100.0,86.0,1953.64,212.36,1959.24,199.41,4.7,27.0,621.16,441.6,402.37,1404.5,592.93,6.4,5.1,4.6,7.9,8.4,8.1,2.8,3.1,1.3,0.0,0.0,2.0,5.0,5.0,5.6,220.0,1983.0,1983.29,252.0,250.74,20230225,3.0,2.0,0.3,2.0,0.5,2.0,0.5,2.0,0.5,0.0,0.5,0.0,0.0,1969.7,1934.9,1405.5,1404.3,1405.3,573.3,1467.0,1415.0,1404.5,10.469,10.74,10.737,11.005
45904,100.0,86.0,1953.64,211.73,1959.24,198.58,4.7,27.0,621.16,441.6,401.86,1404.5,592.93,6.4,4.2,4.6,7.9,8.4,8.1,2.8,3.1,1.3,1.5,0.0,2.0,3.7,4.1,5.6,220.0,1983.0,1987.92,252.0,251.39,20230225,3.0,2.0,0.3,2.0,0.5,2.0,0.5,2.0,0.5,0.0,0.5,0.0,0.0,1990.2,1934.9,1404.9,1404.3,1405.1,1396.4,1463.3,1415.0,1404.5,10.469,10.82,10.737,11.005
45905,100.0,86.0,1952.81,212.34,1958.15,199.43,4.7,27.0,621.06,441.6,400.33,1404.5,593.27,6.2,3.9,4.6,7.8,7.9,7.7,2.2,2.2,1.3,1.5,0.0,1.7,2.2,3.2,3.7,220.0,1983.0,1987.92,252.0,251.39,20230225,3.0,2.0,0.3,2.0,0.5,2.0,0.5,2.0,0.5,0.0,0.5,0.0,0.0,1990.2,1934.9,1404.9,1405.2,1404.7,1394.6,1468.0,1415.0,1404.5,10.469,10.82,10.737,11.005
45906,100.0,86.0,1952.8,212.34,1958.74,199.43,4.7,27.0,620.94,441.6,400.84,1404.5,593.3,8.4,5.0,6.7,8.1,7.7,7.3,4.4,4.4,2.9,0.3,0.0,1.3,2.8,6.5,5.6,220.0,1983.0,1986.85,252.0,250.7,20230225,3.0,2.0,0.3,2.0,0.5,2.0,0.5,2.0,0.5,0.0,0.5,0.0,0.0,1967.2,1934.9,1404.9,1405.4,1405.5,1393.7,1468.0,1415.0,1404.5,10.469,10.81,10.737,11.005
45907,100.0,86.0,1952.74,211.95,1958.74,198.8,4.7,27.0,620.94,441.6,401.86,1404.5,593.3,8.4,5.0,6.7,8.1,7.5,7.3,4.4,4.4,2.9,0.0,0.0,1.3,0.4,0.9,1.3,220.0,1983.0,1985.79,252.0,250.83,20230225,3.0,2.0,0.3,2.0,0.5,2.0,0.5,2.0,0.5,0.0,0.5,0.0,0.0,1968.6,1934.9,1404.9,1405.4,1405.5,578.9,1463.7,1415.0,1404.5,10.469,10.8,10.737,11.005
45908,100.0,86.0,1952.74,212.7,1958.74,199.5,4.7,27.0,621.06,441.6,403.9,1404.5,593.4,6.8,5.1,6.0,7.6,8.8,8.2,3.1,2.8,1.7,0.0,0.0,1.3,1.8,1.8,2.8,220.0,1983.0,1987.92,252.0,250.88,20230225,3.0,2.0,0.3,2.0,0.5,2.0,0.5,2.0,0.5,0.0,0.5,0.0,0.0,1969.7,1934.9,1405.7,1405.2,1405.9,578.9,1463.7,1415.0,1404.5,10.469,10.89,10.737,11.005
45909,100.0,86.0,1954.76,212.7,1959.33,199.5,4.7,27.0,621.09,441.6,402.37,1404.5,593.43,7.3,5.9,6.6,7.6,8.8,8.2,3.1,2.8,1.7,0.0,0.0,0.0,1.8,1.8,2.8,220.0,1983.0,1989.7,252.0,251.06,20230225,3.0,2.0,0.3,2.0,0.5,2.0,0.5,2.0,0.5,0.0,0.5,0.0,0.0,1970.2,1934.9,1405.7,1405.7,1405.9,1394.3,1465.7,1415.0,1404.5,10.469,10.89,10.737,11.005
45910,100.0,86.0,1954.76,211.74,1959.33,198.72,4.7,27.0,621.13,441.6,403.39,1404.5,593.43,7.3,5.9,6.6,7.4,7.5,7.0,2.2,1.9,0.0,0.0,0.0,1.3,-0.5,0.7,0.7,220.0,1983.0,1989.7,252.0,251.06,20230225,2.5,2.0,0.3,2.0,0.5,2.0,0.5,2.0,0.5,0.0,0.5,0.0,0.0,1970.2,1936.7,1405.7,1405.7,1406.5,640.8,1465.7,1415.0,1404.5,10.469,10.87,10.737,11.005
45911,100.0,86.0,1954.04,211.75,1958.71,200.4,4.7,27.0,621.32,441.6,403.9,1404.5,593.3,6.8,5.0,5.0,7.4,7.5,7.0,2.2,3.4,1.7,0.0,0.0,1.3,0.9,1.8,2.2,220.0,1983.0,1988.28,252.0,251.18,20230225,2.5,2.0,0.3,2.0,0.5,2.0,0.5,2.0,0.5,0.0,0.5,0.0,0.0,1406.1,1936.7,1405.7,1405.7,1406.5,730.0,1467.3,1415.0,1404.5,10.469,10.94,10.737,11.005
45912,100.0,86.0,1954.04,212.14,1958.06,200.4,4.7,27.0,621.95,441.6,404.91,1404.5,592.88,6.0,5.0,4.8,9.7,9.9,6.8,2.2,3.4,1.7,0.0,0.0,1.7,0.9,1.8,2.2,220.0,1983.0,1988.28,252.0,251.18,20230225,2.5,2.0,0.3,2.0,0.5,2.0,0.5,2.0,0.5,0.0,0.5,0.0,0.0,1967.6,1934.9,1403.9,1404.5,1404.6,730.0,1467.9,1415.0,1404.5,10.469,10.94,10.737,11.005
45913,100.0,86.0,1954.04,212.14,1956.49,198.47,4.7,27.0,621.95,441.6,403.9,1404.5,592.88,6.2,3.2,3.7,9.7,9.9,10.6,5.7,3.4,2.0,1.5,0.0,2.0,0.7,1.1,1.1,220.0,1983.0,1988.63,252.0,251.05,20230225,2.5,2.0,0.3,2.0,0.5,2.0,0.5,2.0,0.5,0.0,0.5,0.0,0.0,1967.6,1934.9,1403.9,1404.5,1405.3,626.3,1477.7,1415.0,1404.5,10.469,10.92,10.737,11.005
45914,100.0,86.0,1954.04,212.26,1958.62,199.88,4.7,27.0,621.47,441.6,403.9,1404.5,592.86,6.2,4.4,3.9,7.8,8.8,10.2,5.7,3.4,2.3,1.5,0.0,2.0,1.1,1.1,1.1,220.0,1983.0,1988.63,252.0,251.04,20230225,2.5,2.0,0.3,2.0,0.5,2.0,0.5,2.0,0.5,0.0,0.5,0.0,0.0,1970.4,1934.9,1404.2,1404.2,1405.3,626.3,1477.7,1415.0,1404.5,10.469,10.82,10.737,11.005
45915,100.0,86.0,1953.45,212.26,1958.62,199.88,4.7,27.0,620.91,441.6,403.39,1404.5,592.85,9.5,4.4,6.3,7.8,8.8,9.3,3.8,3.1,2.3,0.0,0.0,1.3,1.1,4.1,2.2,220.0,1983.0,1987.21,252.0,251.04,20230225,2.5,2.0,0.3,2.0,0.5,2.0,0.5,2.0,0.5,0.0,0.5,0.0,0.0,1970.4,1936.7,1404.8,1406.1,1406.0,648.5,1466.3,1415.0,1404.5,10.469,10.82,10.737,11.005
45916,100.0,86.0,1953.45,211.71,1957.94,198.81,4.7,27.0,620.97,441.6,403.39,1404.5,592.85,9.5,4.2,6.3,6.3,8.2,9.3,0.3,2.5,0.4,0.0,0.0,0.7,2.8,4.1,2.2,220.0,1983.0,1986.5,252.0,251.08,20230225,2.5,2.0,0.3,2.0,0.5,2.0,0.5,2.0,0.5,0.0,0.5,0.0,0.0,1967.3,1936.7,1405.5,1406.1,1406.0,818.6,1468.5,1415.0,1404.5,10.469,10.81,10.737,11.005
45917,100.0,86.0,2083.52,211.71,1957.94,200.05,4.7,27.0,621.0,441.6,403.9,1404.5,593.29,9.1,5.3,5.5,8.8,7.5,8.1,99.9,99.9,99.9,0.0,0.0,1.3,2.8,3.7,3.7,220.0,1983.0,1986.5,252.0,251.19,20230225,2.5,2.0,0.3,2.0,0.5,2.0,0.5,2.0,0.5,0.0,0.5,0.0,0.0,1967.3,1934.9,1405.5,1406.4,1406.1,818.6,1468.5,1415.0,1404.5,10.469,10.8,10.737,11.005
45918,100.0,86.0,1951.38,211.59,1957.82,200.05,4.7,27.0,621.04,441.6,404.4,1404.5,593.29,9.1,5.3,5.5,8.8,5.4,6.6,5.0,1.5,0.0,0.0,0.0,0.7,1.3,3.7,3.7,220.0,1983.0,1985.43,252.0,251.19,20230225,2.5,2.0,0.3,2.0,0.5,2.0,0.5,2.0,0.5,0.0,0.5,0.0,0.0,1990.8,1934.9,1404.9,1406.4,1406.1,1394.6,1466.7,1415.0,1404.5,10.469,10.79,10.737,11.005
45919,100.0,86.0,1952.81,211.59,1957.82,199.1,4.7,27.0,621.06,441.6,403.9,1404.5,593.41,8.6,5.1,5.5,8.1,9.0,9.3,5.7,8.2,2.9,0.0,0.0,0.0,1.8,6.0,4.1,220.0,1983.0,1985.43,252.0,251.02,20230225,2.5,2.0,0.3,2.0,0.5,2.0,0.5,2.0,0.5,0.0,0.5,0.0,0.0,1990.8,1934.9,1405.2,1406.1,1405.6,1396.1,1467.0,1415.0,1404.5,10.469,10.79,10.737,11.005
45920,100.0,86.0,1952.78,212.21,1957.7,200.0,4.7,27.0,621.22,441.6,403.9,1404.5,593.41,8.6,5.1,5.5,8.3,9.0,9.5,5.7,8.2,2.9,0.0,1.5,0.0,1.8,6.0,4.1,220.0,1983.0,1985.43,252.0,250.91,20230225,2.5,2.0,0.3,2.0,0.5,2.0,0.5,2.0,0.5,0.0,0.5,0.0,0.0,1990.6,1934.9,1405.2,1406.1,1405.6,1396.7,1468.8,1415.0,1404.5,10.469,10.79,10.737,11.005
45921,100.0,86.0,1953.02,212.21,1958.77,200.0,4.7,27.0,621.22,441.6,403.9,1404.5,593.14,5.9,5.5,4.6,8.8,9.0,9.5,4.1,1.9,2.3,0.0,1.5,0.4,1.8,6.0,4.6,220.0,1983.0,1985.43,252.0,251.03,20230225,2.5,2.0,0.3,2.0,0.5,2.0,0.5,2.0,0.5,0.0,0.5,0.0,0.0,1990.6,1934.9,1404.8,1404.5,1405.2,605.3,1468.8,1415.0,1404.5,10.469,10.84,10.737,11.005
45922,100.0,86.0,1953.02,211.87,1958.77,198.69,4.7,27.0,621.11,441.6,403.9,1404.5,593.16,8.0,5.5,5.1,8.8,9.0,9.5,4.4,1.5,2.3,0.0,0.0,1.7,3.2,3.7,4.6,220.0,1983.0,1986.14,252.0,251.03,20230225,2.5,2.0,0.3,2.0,0.5,2.0,0.5,2.0,0.5,1.5,0.5,0.0,0.0,1965.2,1934.9,1404.9,1406.0,1405.2,781.0,1467.4,1415.0,1404.5,10.469,10.85,10.737,11.005
45923,100.0,86.0,1950.96,212.47,1953.91,199.38,4.7,27.0,621.11,441.6,403.39,1404.5,593.16,8.0,5.0,5.1,8.7,9.1,9.5,4.7,2.8,2.3,0.0,0.0,1.7,3.2,2.8,3.7,220.0,1983.0,1988.28,252.0,251.03,20230225,2.5,1.5,0.3,1.5,0.5,1.5,0.5,1.5,0.5,1.5,0.5,0.0,0.0,1968.1,1934.9,1404.9,1406.0,1405.2,781.3,1468.8,1415.0,1404.5,10.469,10.86,10.737,11.005
45924,100.0,86.0,1952.81,212.47,1958.03,199.38,4.7,27.0,621.02,441.6,403.9,1404.5,592.9,5.7,4.8,4.2,8.7,9.1,11.5,4.7,2.8,2.3,0.0,0.0,1.3,3.2,2.8,3.7,220.0,1983.0,1988.28,252.0,250.91,20230225,2.5,1.5,0.3,1.5,0.5,1.5,0.5,1.5,0.5,1.5,0.5,0.0,0.0,2127.9,1936.7,1405.1,1405.8,1405.3,781.3,1468.8,1415.0,1404.5,10.469,10.83,10.737,11.005
45925,100.0,86.0,1953.64,211.72,1958.03,198.74,4.7,27.0,621.1,441.6,403.9,1404.5,592.9,6.2,4.8,4.2,8.7,7.3,8.6,2.2,2.2,1.3,0.0,0.0,0.7,2.8,4.1,2.8,220.0,1983.0,1988.28,252.0,251.14,20230225,2.5,1.5,0.3,1.5,0.5,1.5,0.5,1.5,0.5,1.5,0.5,0.0,0.0,2127.9,1936.7,1405.5,1405.8,1405.3,634.6,1468.6,1415.0,1404.5,10.469,10.88,10.737,11.005
45926,100.0,86.0,1954.08,212.92,1957.55,199.34,4.7,27.0,621.1,441.6,403.9,1404.5,593.03,7.3,4.8,5.1,7.4,9.0,9.9,2.2,3.4,1.3,0.0,0.0,0.0,2.8,4.1,2.8,220.0,1983.0,1987.57,252.0,251.14,20230225,2.5,1.5,0.3,1.5,0.5,1.5,0.5,1.5,0.5,1.5,0.5,0.0,0.0,1991.8,1936.7,1405.5,1406.0,1406.1,1396.7,1478.3,1415.0,1404.5,10.469,10.9,10.737,11.005
45927,100.0,86.0,1954.08,212.92,1957.55,199.34,4.7,27.0,621.21,441.6,401.86,1404.5,593.03,7.3,5.9,5.8,7.4,9.0,9.9,3.8,3.4,1.3,0.0,0.0,0.0,2.2,1.8,2.2,220.0,1983.0,1987.57,252.0,251.0,20230225,2.5,1.5,0.3,1.5,0.5,1.5,0.5,1.5,0.5,1.5,0.5,0.0,0.0,1991.8,1934.9,1405.5,1406.0,1406.1,616.2,1478.3,1415.0,1404.5,10.469,10.9,10.737,11.005
45928,100.0,86.0,1953.57,212.18,1956.96,198.73,4.7,27.0,621.21,441.6,403.9,1404.5,593.08,6.2,5.9,5.8,8.3,9.3,9.0,4.7,3.8,3.2,0.0,0.0,0.7,0.4,0.1,1.3,220.0,1983.0,1987.57,252.0,250.76,20230225,2.5,1.5,0.3,1.5,0.5,1.5,0.5,1.5,0.5,1.5,0.5,0.0,0.0,1990.8,1934.9,1406.0,1406.9,1406.7,677.3,1469.8,1415.0,1404.5,10.469,10.9,10.737,11.005
45929,100.0,86.0,1953.57,212.69,1956.93,199.26,4.7,27.0,621.06,441.6,403.9,1404.5,593.19,6.2,4.6,4.7,8.7,9.3,10.6,4.7,3.8,3.2,0.0,1.2,1.3,1.1,1.8,1.3,220.0,1983.0,1986.14,252.0,250.61,20230225,2.5,1.5,0.3,1.5,0.5,1.5,0.5,1.5,0.5,1.5,0.5,0.0,0.0,1990.8,1934.9,1406.0,1406.9,1406.7,677.3,1469.8,1415.0,1404.5,10.469,10.93,10.737,11.005
45930,100.0,86.0,1953.25,212.69,1958.41,199.26,4.7,27.0,621.06,441.6,404.91,1404.5,593.24,6.9,4.6,5.2,8.7,8.2,9.3,2.5,3.4,1.0,0.0,1.2,1.3,2.8,3.7,2.2,220.0,1983.0,1986.14,252.0,250.69,20230225,2.5,1.5,0.3,1.5,0.5,1.5,0.5,1.5,0.5,1.5,0.5,0.0,0.0,1990.7,1934.9,1405.4,1406.0,1405.5,723.2,1467.6,1415.0,1404.5,10.469,10.95,10.737,11.005
45931,100.0,86.0,1953.25,211.95,1958.41,199.12,4.7,27.0,621.02,441.6,403.9,1404.5,593.24,6.9,5.9,5.2,9.6,9.7,9.3,3.8,3.8,2.3,0.0,0.0,1.3,2.8,3.7,2.2,220.0,1983.0,1986.14,252.0,250.69,20230225,2.5,1.5,0.3,1.5,0.5,1.5,0.5,1.5,0.5,1.5,0.5,0.0,0.0,1992.7,1934.9,1405.4,1406.0,1405.5,723.2,1477.1,1415.0,1404.5,10.469,10.9,10.737,11.005
45932,100.0,86.0,1954.37,213.19,1957.7,199.6,4.7,27.0,621.03,441.6,403.9,1404.5,593.17,8.4,6.6,7.5,9.6,9.7,7.5,3.8,4.1,2.3,1.9,0.0,2.3,0.4,0.1,0.1,220.0,1983.0,1985.07,252.0,250.63,20230225,2.5,1.5,0.3,1.5,0.5,1.5,0.5,1.5,0.5,1.5,0.5,0.0,0.0,1992.7,1934.9,1405.4,1405.4,1405.0,602.6,1465.8,1415.0,1404.5,10.469,10.9,10.737,11.005
45933,100.0,86.0,1954.37,213.19,1957.7,199.6,4.7,27.0,621.11,441.6,403.39,1404.5,592.97,8.4,6.6,7.5,9.0,7.3,7.5,3.8,4.1,1.7,1.9,0.0,2.3,0.4,0.1,0.1,220.0,1983.0,1986.14,252.0,250.63,20230225,2.5,1.5,0.3,1.5,0.5,1.5,0.5,1.5,0.5,1.5,0.5,0.0,0.0,1969.2,1936.7,1404.3,1405.4,1405.0,712.8,1477.5,1415.0,1404.5,10.469,10.88,10.737,11.005
45934,100.0,86.0,1954.37,212.37,1957.7,198.95,4.7,27.0,621.11,441.6,403.9,1404.5,592.97,5.5,6.4,5.0,9.0,9.5,10.9,1.9,0.0,0.0,0.0,0.0,1.3,1.3,1.8,1.8,220.0,1983.0,1986.14,252.0,250.47,20230225,2.5,1.5,0.3,1.5,0.5,1.5,0.5,1.5,0.5,1.5,0.5,0.0,0.0,1991.7,1936.7,1405.2,1404.8,1405.2,712.8,1477.5,1415.0,1404.5,10.469,10.91,10.737,11.005
45935,100.0,86.0,1953.9,212.38,1956.63,198.33,4.7,27.0,621.14,441.6,403.9,1404.5,592.63,6.8,6.4,5.0,8.8,9.5,9.5,4.7,5.3,2.9,1.5,0.0,1.3,2.2,1.8,2.8,220.0,1983.0,1984.36,252.0,250.62,20230225,2.5,1.5,0.3,1.5,0.5,1.5,0.5,1.5,0.5,1.5,0.5,0.0,0.0,1991.7,1936.7,1405.2,1405.8,1405.9,618.9,1476.2,1415.0,1404.5,10.469,10.92,10.737,11.005
45936,100.0,86.0,1953.51,212.38,1958.98,198.93,4.7,27.0,621.23,441.6,402.88,1404.5,592.67,6.8,3.9,4.6,8.5,9.0,9.5,4.7,5.3,2.9,1.5,0.0,1.0,2.2,2.2,2.8,220.0,1983.0,1984.72,252.0,250.62,20230225,2.5,1.5,0.3,1.5,0.5,1.5,0.5,1.5,0.5,1.5,0.5,0.0,0.0,1989.5,1936.7,1405.4,1405.8,1405.9,730.6,1466.4,1415.0,1404.5,10.469,10.9,10.737,11.005
45937,100.0,86.0,1953.51,212.19,1958.98,198.93,4.7,27.0,621.23,441.6,402.88,1404.5,592.8,6.2,5.3,5.7,8.5,9.0,9.3,3.1,1.9,1.3,0.6,0.0,1.0,1.8,2.2,2.8,220.0,1983.0,1985.43,252.0,250.96,20230225,2.5,1.5,0.3,1.5,0.5,1.5,0.5,1.5,0.5,1.5,0.5,0.0,0.0,1990.3,1936.7,1405.4,1405.2,1406.1,730.6,1465.7,1415.0,1404.5,10.469,10.95,10.737,11.005
45938,100.0,86.0,1952.95,213.25,1958.53,198.9,4.7,27.0,621.06,441.6,403.9,1404.5,592.8,6.2,5.3,5.7,8.5,9.0,9.9,3.4,3.8,2.6,0.0,0.0,0.0,2.2,1.3,2.2,220.0,1983.0,1985.43,252.0,250.96,20230225,2.5,1.5,0.3,1.5,0.5,1.5,0.5,1.5,0.5,1.5,0.5,0.0,0.0,1990.3,1936.7,1405.2,1405.2,1406.2,1396.4,1476.6,1415.0,1404.5,10.469,11.02,10.737,11.005
45939,100.0,86.0,1953.26,213.25,1958.18,199.12,4.7,27.0,621.16,441.6,403.39,1404.5,592.97,5.5,5.1,4.2,8.5,8.6,9.9,3.4,3.8,2.6,0.0,0.0,0.7,5.0,6.0,7.4,220.0,1983.0,1985.43,252.0,250.87,20230225,2.5,1.5,0.3,1.5,0.5,1.5,0.5,1.5,0.5,1.5,0.5,0.0,0.0,1965.1,1936.7,1405.2,1404.9,1406.2,697.4,1477.1,1415.0,1404.5,10.469,10.98,10.737,11.005
45940,100.0,86.0,1953.26,212.38,1960.01,199.12,4.7,27.0,621.16,441.6,403.9,1404.5,592.97,7.8,5.1,5.8,8.5,8.2,9.1,3.8,2.8,99.9,0.0,0.0,1.3,5.0,6.0,7.4,220.0,1983.0,1986.5,252.0,250.67,20230225,2.5,1.5,0.3,1.5,0.5,1.5,0.5,1.5,0.5,1.5,0.5,0.0,0.0,1990.0,1936.7,1405.2,1405.8,1405.5,864.5,1477.1,1415.0,1404.5,10.469,10.97,10.737,11.005
45941,100.0,86.0,1952.3,211.29,1960.01,198.43,4.7,27.0,621.11,441.6,403.9,1404.5,592.76,7.8,6.2,5.8,8.5,8.2,8.6,3.8,0.0,99.9,0.0,0.0,2.0,3.7,2.8,4.1,220.0,1983.0,1986.5,252.0,250.6,20230225,2.5,1.0,0.3,1.0,0.5,1.0,0.5,1.5,0.5,1.5,0.5,0.0,0.0,1990.0,1938.5,1405.1,1405.8,1405.5,864.5,1468.5,1415.0,1404.5,10.469,10.97,10.737,11.005
45942,100.0,86.0,1953.58,212.13,1957.79,198.72,4.7,27.0,620.97,441.6,403.9,1404.5,593.14,5.9,6.2,5.5,6.5,9.3,7.7,3.1,3.1,1.7,0.0,0.0,2.0,1.8,0.9,1.3,220.0,1983.0,1987.57,252.0,251.32,20230225,2.5,1.0,0.3,1.0,0.5,1.0,0.5,1.5,0.5,1.5,0.5,0.0,0.0,1969.7,1938.5,1404.9,1405.1,1405.3,637.6,1477.7,1415.0,1404.5,10.469,10.97,10.737,11.005
45943,100.0,86.0,1953.58,212.13,1957.79,198.72,4.7,27.0,621.15,441.6,403.9,1404.5,593.14,6.0,5.5,5.0,7.9,9.3,9.7,4.1,3.1,2.0,0.0,0.0,1.7,1.8,3.2,5.0,220.0,1983.0,1987.57,252.0,251.32,20230225,2.5,1.0,0.3,1.0,0.5,1.0,0.5,1.5,0.5,1.5,0.5,0.0,0.0,1971.0,1934.9,1405.1,1405.2,1406.2,637.6,1477.7,1415.0,1404.5,10.469,10.94,10.737,11.005
45944,100.0,86.0,1951.71,211.99,1958.18,198.5,4.7,27.0,621.18,441.6,403.9,1404.5,592.87,6.0,6.0,5.1,7.9,8.6,9.7,4.1,11.4,2.0,0.0,0.0,1.3,4.1,7.0,6.5,220.0,1983.0,1987.92,252.0,250.63,20230225,2.5,1.0,0.3,1.0,0.5,1.0,0.5,1.5,0.5,1.5,0.5,0.0,0.0,1971.0,1934.9,1405.1,1405.2,1406.2,647.1,1468.0,1415.0,1404.5,10.469,10.68,10.737,11.005
45945,100.0,86.0,1953.46,212.02,1959.24,198.89,4.7,27.0,621.18,441.6,403.9,1404.5,592.94,7.1,6.0,5.1,7.6,8.1,9.5,4.1,1.5,99.9,0.0,0.0,0.0,4.1,7.0,6.5,220.0,1983.0,1987.92,252.0,250.63,20230225,2.5,1.0,0.3,1.0,0.5,1.0,0.5,1.5,0.5,1.5,0.5,0.0,0.0,1969.8,1934.9,1405.2,1406.3,1406.5,930.6,1468.0,1415.0,1404.5,10.469,10.69,10.737,11.005
45946,100.0,86.0,1953.46,212.02,1959.33,198.96,4.7,27.0,621.11,441.6,403.9,1404.5,592.94,7.1,5.1,4.6,7.6,8.1,9.0,4.1,4.1,99.9,0.0,0.0,0.0,1.1,1.3,1.3,220.0,1983.0,1987.92,252.0,250.61,20230225,2.5,1.0,0.3,1.0,0.5,1.0,0.5,1.5,0.5,1.5,0.5,0.0,0.0,1969.8,1934.9,1405.2,1406.3,1406.5,930.6,1467.3,1415.0,1404.5,10.469,10.69,10.737,11.005
45947,100.0,86.0,1952.09,211.78,1959.33,198.96,4.7,27.0,621.19,441.6,403.39,1404.5,592.89,6.4,5.1,4.6,7.0,8.6,9.5,5.0,4.1,2.9,0.0,0.0,1.0,1.8,1.1,0.9,220.0,1983.0,1988.28,252.0,250.61,20230225,2.5,1.0,0.3,1.0,0.5,1.0,0.5,1.5,0.5,1.5,0.5,0.0,0.0,1968.9,1934.9,1405.7,1405.7,1406.1,589.0,1468.9,1415.0,1404.5,10.469,10.68,10.737,11.005
45948,100.0,86.0,1952.9,212.4,1958.12,198.69,4.7,27.0,621.19,441.6,401.86,1404.5,592.81,5.1,4.6,3.5,7.0,8.6,9.5,5.0,2.8,99.9,0.0,0.0,1.0,2.8,4.1,4.6,220.0,1983.0,1988.28,252.0,250.56,20230225,2.5,1.0,0.3,1.0,0.5,1.0,0.5,1.5,0.5,1.5,0.5,0.0,0.0,1988.1,1938.5,1406.3,1406.0,1405.4,589.0,1468.9,1415.0,1404.5,10.469,10.69,10.737,11.005
45949,100.0,86.0,1952.98,212.4,1958.18,198.88,4.7,27.0,621.24,441.6,404.91,1404.5,592.71,5.1,5.3,4.1,6.9,7.2,8.2,2.8,2.8,99.9,0.0,0.0,0.0,3.7,5.6,4.6,220.0,1983.0,1986.5,252.0,250.59,20230225,2.5,1.0,0.3,1.0,0.5,1.0,0.5,1.5,0.5,1.5,0.5,0.0,0.0,1988.1,1938.5,1406.3,1406.0,1405.4,1395.5,1466.9,1415.0,1404.5,10.469,10.7,10.737,11.005
45950,100.0,86.0,1952.98,213.12,1958.18,199.08,4.7,27.0,621.24,441.6,403.39,1404.5,593.11,6.6,5.3,5.9,7.2,8.2,8.6,2.8,2.2,0.0,0.0,0.0,0.0,3.7,5.6,4.1,220.0,1983.0,1985.43,252.0,250.59,20230225,2.5,1.0,0.3,1.0,0.5,1.0,0.5,1.5,0.5,1.5,0.5,0.0,0.0,1989.9,1936.7,1405.2,1405.7,1405.5,597.9,1467.4,1415.0,1404.5,10.469,10.68,10.737,11.005
45951,100.0,86.0,1953.48,213.12,1958.18,199.3,4.7,27.0,621.08,441.6,402.88,1404.5,593.11,6.6,5.3,5.9,7.6,9.1,8.6,3.1,2.2,1.7,0.0,0.0,1.3,2.2,3.2,1.8,220.0,1983.0,1986.85,252.0,250.56,20230225,2.5,1.0,0.3,1.0,0.5,1.0,0.5,1.5,0.5,1.5,0.5,0.0,0.0,1989.9,1936.7,1405.2,1405.7,1405.5,597.9,1475.6,1415.0,1404.5,10.469,10.68,10.737,11.005
45952,100.0,86.0,1953.48,212.34,1958.15,199.3,4.7,27.0,621.11,441.6,403.9,1404.5,592.94,6.2,5.0,5.3,7.6,9.1,8.8,3.1,2.2,1.7,1.2,0.0,1.7,1.3,1.1,0.9,220.0,1983.0,1987.92,252.0,250.54,20230225,2.5,1.0,0.3,1.0,0.5,1.0,0.5,1.5,0.5,1.5,0.5,0.0,0.0,1987.1,1936.7,1404.3,1404.6,1405.2,631.7,1475.6,1415.0,1404.5,10.469,10.68,10.737,11.005
45953,100.0,86.0,1952.1,211.91,1956.75,197.92,4.7,27.0,621.11,441.6,403.9,1404.5,592.8,7.3,5.0,5.7,7.9,9.1,8.8,4.4,0.0,99.9,1.2,0.0,1.7,2.8,5.6,4.1,220.0,1983.0,1987.92,252.0,250.54,20230225,2.5,1.0,0.3,1.0,0.5,1.0,0.5,1.5,0.5,1.5,0.5,0.0,0.0,1967.0,1936.7,1404.5,1405.4,1405.9,821.3,1467.6,1415.0,1404.5,10.469,10.66,10.737,11.005
45954,100.0,86.0,1953.23,212.64,1959.24,198.08,4.7,27.0,621.04,441.6,404.41,1404.5,592.94,7.3,5.7,5.7,8.1,9.1,9.3,4.4,1.5,99.9,0.0,0.0,1.0,3.2,5.6,4.1,220.0,1983.0,1986.5,252.0,250.66,20230225,2.5,1.0,0.3,1.0,0.5,1.0,0.5,1.5,0.5,1.5,0.5,0.0,0.0,1966.6,1934.9,1405.4,1405.4,1405.9,821.3,1467.6,1415.0,1404.5,10.469,10.66,10.737,11.005
45955,100.0,86.0,1953.23,212.64,1959.24,198.08,4.7,27.0,620.98,441.6,403.39,1404.5,592.94,6.2,5.7,5.3,8.3,9.0,9.7,3.8,2.2,2.3,0.0,0.0,1.0,3.2,5.0,4.1,220.0,1983.0,1987.21,252.0,250.72,20230225,2.5,1.0,0.3,1.0,0.5,1.0,0.5,1.5,0.5,1.5,0.5,0.0,0.0,1966.6,1934.9,1406.1,1405.4,1405.9,583.7,1476.5,1415.0,1404.5,10.469,10.69,10.737,11.005
45956,100.0,86.0,1954.29,211.85,1958.53,197.34,4.7,27.0,621.04,441.6,402.88,1404.5,592.95,5.1,5.9,4.2,8.3,9.0,9.7,3.8,2.2,2.3,0.0,0.0,1.7,1.3,1.1,0.7,220.0,1983.0,1987.92,252.0,250.72,20230225,2.5,1.0,0.3,1.0,0.5,1.0,0.5,1.5,0.5,1.5,0.5,0.0,0.0,1970.2,1936.7,1407.2,1405.8,1405.9,758.8,1476.5,1415.0,1404.5,10.469,10.66,10.737,11.005
45957,100.0,86.0,1954.29,212.83,1955.33,198.43,4.7,27.0,621.09,441.6,403.39,1404.5,593.03,7.7,5.9,5.3,7.9,8.4,9.3,3.4,0.0,1.7,0.9,0.6,1.7,0.7,1.1,0.4,220.0,1983.0,1987.92,252.0,250.48,20230225,2.5,1.0,0.3,1.0,0.5,1.0,0.5,1.5,0.5,1.5,0.5,0.0,0.0,1970.2,1936.7,1407.2,1406.0,1406.5,758.8,1476.2,1415.0,1404.5,10.469,10.69,10.737,11.005
45958,100.0,86.0,1954.94,212.83,1958.59,198.43,4.7,27.0,621.15,441.6,402.88,1404.5,593.03,7.7,4.6,5.3,7.9,8.4,9.3,0.0,0.0,0.0,0.0,0.0,1.3,0.4,2.2,1.8,220.0,1983.0,1985.79,252.0,250.52,20230225,2.5,1.0,0.3,1.0,0.5,1.0,0.5,1.5,0.5,1.5,0.5,0.0,0.0,1990.3,1936.7,1405.1,1406.0,1406.5,639.9,1476.2,1415.0,1404.5,10.469,10.68,10.737,11.005
45959,100.0,86.0,1954.94,212.42,1958.59,199.35,4.7,27.0,621.15,441.6,403.9,1404.5,592.98,6.4,4.2,4.2,7.2,8.2,9.0,4.7,1.2,2.3,0.0,0.0,1.3,0.1,0.1,-0.5,220.0,1983.0,1984.36,252.0,250.34,20230225,2.5,1.0,0.3,1.0,0.5,1.0,0.5,1.5,0.5,1.5,0.5,0.0,0.0,1990.3,1936.7,1405.4,1406.0,1405.7,782.8,1467.0,1415.0,1404.5,10.469,10.66,10.737,11.005
45960,100.0,86.0,1954.94,212.08,1958.59,199.35,4.7,27.0,621.15,441.6,404.41,1404.5,592.9,5.5,5.3,5.4,7.2,8.2,9.3,4.7,1.5,2.3,0.0,0.0,1.3,0.4,0.7,0.7,220.0,1983.0,1987.57,252.0,250.69,20230225,2.5,1.0,0.3,1.0,0.5,1.0,0.5,1.5,0.5,1.5,0.5,0.0,0.0,1405.5,1934.9,1405.4,1404.8,1406.1,782.8,1467.0,1415.0,1404.5,10.469,10.69,10.737,11.005
45961,100.0,86.0,1951.42,212.28,1959.36,196.87,4.7,27.0,621.09,441.6,403.9,1404.5,593.0,5.5,5.3,5.4,9.0,9.0,9.3,1.5,1.5,2.0,0.0,0.0,2.0,0.4,0.7,0.7,220.0,1983.0,1987.57,252.0,250.69,20230225,2.5,1.0,0.3,1.0,0.5,1.0,0.5,1.5,0.5,1.5,0.5,0.0,0.0,1989.9,1934.9,1405.2,1404.9,1406.1,624.2,1465.8,1415.0,1404.5,10.469,10.7,10.737,11.005
45962,100.0,86.0,1951.42,212.28,1959.36,197.49,4.7,27.0,621.03,441.6,403.9,1404.5,593.0,7.3,5.5,5.7,9.0,9.0,9.3,2.5,0.0,2.0,1.9,0.0,2.3,0.1,0.4,-0.5,220.0,1983.0,1987.57,252.0,250.71,20230225,2.5,1.0,0.3,1.0,0.5,1.0,0.5,1.5,0.5,1.5,0.5,0.0,0.0,1990.5,1936.7,1405.7,1406.1,1406.1,642.3,1475.3,1415.0,1404.5,10.469,10.69,10.737,11.005
45963,100.0,86.0,2076.45,211.01,1957.91,197.49,4.7,27.0,621.15,441.6,403.9,1404.5,592.9,7.3,5.5,5.7,7.9,9.5,10.6,99.9,99.9,99.9,1.9,-1.9,2.3,0.4,0.7,0.9,220.0,1983.0,1986.14,252.0,250.79,20230225,2.5,1.0,0.3,1.0,0.5,1.0,0.5,1.5,0.5,1.5,0.5,0.0,0.0,1991.4,1936.7,1405.7,1406.1,1406.1,653.0,1476.5,1415.0,1404.5,10.469,10.72,10.737,11.005
45964,100.0,86.0,2076.45,212.36,1957.46,198.68,4.7,27.0,621.15,441.6,404.91,1404.5,592.99,6.6,3.7,4.6,9.0,9.5,11.3,99.9,99.9,99.9,1.9,0.0,2.3,1.1,0.7,0.9,220.0,1983.0,1986.14,252.0,250.93,20230225,2.5,1.0,0.3,1.0,0.5,1.0,0.5,1.5,0.5,1.5,0.5,0.0,0.0,1991.4,1934.9,1405.8,1406.0,1405.6,949.3,1476.5,1415.0,1404.5,10.469,10.74,10.737,11.005
45965,100.0,86.0,1954.11,212.8,1958.38,198.2,4.7,27.0,621.01,441.6,403.9,1404.5,592.99,6.4,4.1,4.2,9.0,6.4,7.5,4.4,1.2,2.0,0.9,0.0,1.3,1.1,0.1,0.4,220.0,1983.0,1984.36,252.0,250.93,20230225,2.5,1.0,0.3,1.0,0.5,1.0,0.5,1.5,0.5,1.5,0.5,0.0,0.0,1969.8,1936.7,1405.8,1406.0,1405.6,949.3,1466.6,1415.0,1404.5,10.469,10.82,10.737,11.005
45966,100.0,86.0,1954.11,212.8,1959.18,199.08,4.7,27.0,621.03,441.6,406.43,1404.5,592.93,6.4,6.2,5.3,8.5,9.3,7.5,0.0,1.2,0.0,0.0,0.0,0.0,1.1,-2.2,0.1,220.0,1983.0,1985.79,252.0,250.88,20230225,2.5,1.0,0.3,1.0,0.5,1.0,0.5,1.5,0.5,1.5,0.5,0.0,0.0,1965.4,1936.7,1405.1,1405.4,1405.2,703.4,1466.6,1415.0,1404.5,10.469,10.83,10.737,11.005
45967,100.0,86.0,1953.11,212.44,1959.18,199.08,4.7,27.0,621.03,441.6,404.91,1404.5,593.09,6.4,6.2,5.3,9.0,9.3,9.5,3.4,2.8,2.0,0.0,0.0,1.3,5.0,2.2,1.8,220.0,1983.0,1985.79,252.0,250.47,20230225,2.5,1.0,0.3,1.0,0.5,1.0,0.5,1.5,0.5,1.5,0.5,0.0,0.0,1965.4,1936.7,1405.1,1405.4,1406.2,762.0,1466.4,1415.0,1404.5,10.469,10.81,10.737,11.005
45968,100.0,86.0,1954.19,212.7,1957.94,198.95,4.7,27.0,621.01,441.6,405.41,1404.5,593.09,6.4,6.0,5.1,9.4,9.0,9.5,3.4,2.8,2.0,0.0,0.0,1.3,5.0,2.2,1.8,220.0,1983.0,1985.79,252.0,250.44,20230225,2.5,1.0,0.3,1.0,0.5,1.0,0.5,1.5,0.5,1.5,0.5,0.0,0.0,1992.9,1936.7,1405.4,1405.8,1406.2,762.0,1466.4,1415.0,1404.5,10.469,10.83,10.737,11.005
45969,100.0,86.0,1954.19,212.7,1959.54,199.35,4.7,27.0,621.11,441.6,406.94,1404.5,592.9,6.4,6.0,5.1,9.4,9.1,10.6,3.8,0.0,2.3,0.0,0.0,1.0,2.8,1.1,2.2,220.0,1983.0,1985.79,252.0,250.44,20230225,2.5,1.0,0.3,1.0,0.5,1.0,0.5,1.5,0.5,1.5,0.5,0.0,0.0,1992.9,1934.9,1405.4,1405.8,1406.2,693.6,1477.5,1415.0,1404.5,10.469,10.81,10.737,11.005
45970,100.0,86.0,1953.16,212.17,1959.54,199.35,4.7,27.0,621.15,441.6,406.43,1404.5,592.79,5.9,4.6,4.4,7.8,9.9,10.2,5.0,2.5,3.6,0.0,0.0,1.7,2.8,1.1,2.2,220.0,1983.0,1986.5,252.0,250.21,20230225,2.5,1.0,0.3,1.0,0.5,1.0,0.5,1.5,0.5,1.5,0.5,0.0,0.0,1991.1,1934.9,1405.1,1404.5,1405.5,695.1,1477.7,1415.0,1404.5,10.469,10.79,10.737,11.005
45971,100.0,86.0,1953.16,212.05,1958.98,198.55,4.7,27.0,621.16,441.6,405.92,1404.5,592.43,5.9,5.1,4.6,9.4,9.9,8.4,5.0,3.1,99.9,0.3,0.0,1.7,1.1,0.4,0.7,220.0,1983.0,1986.5,252.0,250.21,20230225,2.5,1.0,0.3,1.0,0.5,1.0,0.5,1.5,0.5,1.5,0.5,0.0,0.0,1991.1,1934.9,1405.1,1404.5,1405.4,1397.3,1477.7,1415.0,1404.5,10.469,10.79,10.737,11.005
45972,100.0,86.0,1953.16,212.05,1959.95,199.0,4.7,27.0,621.16,441.6,405.92,1404.5,592.43,6.0,5.1,4.6,9.4,9.0,9.0,3.4,3.1,99.9,0.0,0.0,2.0,1.8,1.8,2.2,220.0,1983.0,1984.72,252.0,250.0,20230225,2.5,1.0,0.3,1.0,0.5,1.0,0.5,1.5,0.5,1.5,0.5,0.0,0.0,1990.3,1934.9,1406.0,1406.6,1405.8,1684.8,1466.9,1415.0,1404.5,10.469,10.75,10.737,11.005
45973,100.0,86.0,1951.02,211.26,1959.95,199.0,4.7,27.0,621.16,441.6,405.42,1404.5,592.41,6.0,5.5,4.2,8.7,8.2,9.0,2.2,0.0,1.0,0.0,0.0,1.0,1.8,1.8,2.2,220.0,1983.0,1984.72,252.0,250.07,20230225,2.5,1.0,0.3,1.0,0.5,1.0,0.5,1.5,0.5,1.5,0.5,0.0,0.0,1990.3,1934.9,1406.0,1406.6,1405.8,766.2,1466.7,1415.0,1404.5,10.469,10.69,10.737,11.005
45974,100.0,86.0,1951.69,210.87,1957.67,198.59,4.7,27.0,621.16,441.6,405.92,1404.5,592.67,7.7,5.5,5.9,8.1,6.3,7.5,2.2,0.0,0.0,0.0,0.0,0.0,1.1,1.1,0.7,220.0,1983.0,1985.07,252.0,250.07,20230225,2.5,1.0,0.3,1.0,0.5,1.0,0.5,1.5,0.5,1.5,0.5,0.0,0.0,1989.3,1934.9,1406.0,1407.3,1406.7,766.2,1466.7,1415.0,1404.5,10.469,10.65,10.737,11.005
45975,100.0,86.0,1951.69,211.12,1959.06,199.19,4.7,27.0,621.1,441.6,406.94,1404.5,592.67,7.7,5.5,5.9,8.8,8.4,8.6,3.1,0.0,2.6,0.0,0.0,0.0,1.1,-2.8,0.1,220.0,1983.0,1985.07,252.0,249.93,20230225,2.5,1.0,0.3,1.0,0.5,1.0,0.5,1.5,0.5,1.5,0.5,0.0,0.0,1991.4,1934.9,1406.0,1407.3,1406.7,703.7,1467.9,1415.0,1404.5,10.469,10.66,10.737,11.005
45976,100.0,86.0,1953.28,212.46,1959.06,199.19,4.7,27.0,621.1,441.6,405.92,1404.5,592.23,6.0,5.5,5.7,9.2,8.4,8.6,3.1,0.0,2.6,0.0,0.0,0.1,1.1,0.4,0.9,220.0,1983.0,1985.43,252.0,249.91,20230225,2.5,1.0,0.3,1.0,0.5,1.0,0.5,1.5,0.5,1.5,0.5,0.0,0.0,1991.5,1934.9,1405.1,1404.8,1405.4,782.5,1477.7,1415.0,1404.5,10.469,10.67,10.737,11.005
45977,100.0,86.0,1953.88,212.46,1958.41,199.19,4.7,27.0,621.09,441.6,406.43,1404.5,592.33,7.1,4.4,5.1,9.2,8.2,8.4,1.2,0.0,0.0,1.2,0.0,1.3,1.1,1.1,1.3,220.0,1983.0,1986.14,252.0,249.81,20230225,2.5,1.0,0.3,1.0,0.5,1.0,0.5,1.5,0.5,1.5,0.5,0.0,0.0,1991.5,1934.9,1405.4,1406.3,1406.2,782.5,1477.7,1415.0,1404.5,10.469,10.65,10.737,11.005
45978,100.0,86.0,1953.88,212.05,1958.29,198.93,4.7,27.0,621.18,441.6,405.41,1404.5,592.35,7.1,4.2,5.1,9.9,9.7,10.9,3.8,7.6,1.3,0.0,0.0,0.4,0.9,1.1,1.3,220.0,1983.0,1986.14,252.0,249.8,20230225,2.5,1.0,0.3,1.0,0.5,1.0,0.5,1.5,0.5,1.5,0.5,0.0,0.0,1969.5,1934.9,1405.4,1406.3,1406.2,930.0,1468.2,1415.0,1404.5,10.469,10.7,10.737,11.005
45979,100.0,86.0,1952.56,212.39,1959.66,198.93,4.7,27.0,621.18,441.6,405.92,1404.5,592.35,6.6,3.5,4.9,9.9,9.7,10.9,6.6,7.6,3.2,0.0,0.0,1.3,1.1,-1.2,0.1,220.0,1983.0,1986.5,252.0,249.66,20230225,2.5,1.0,0.3,1.0,0.5,1.0,0.5,1.5,0.5,1.5,0.5,0.0,0.0,1969.5,1936.7,1404.6,1404.8,1405.4,930.0,1477.7,1415.0,1404.5,10.469,10.7,10.737,11.005
45980,100.0,86.0,1950.14,212.39,1959.66,197.98,4.7,27.0,621.13,441.6,405.92,1404.5,592.31,6.6,5.7,5.7,8.5,9.5,10.0,6.6,5.7,3.2,0.0,0.0,1.3,1.8,0.4,0.9,220.0,1983.0,1987.57,252.0,249.57,20230225,2.5,1.0,0.3,1.0,0.5,1.0,0.5,1.5,0.5,1.5,0.5,0.0,0.0,1990.5,1936.7,1404.6,1404.8,1405.4,606.5,1477.7,1415.0,1404.5,10.469,10.69,10.737,11.005
45981,100.0,86.0,1951.66,211.34,1958.5,199.3,4.7,27.0,621.11,441.6,405.92,1404.5,592.3,6.8,5.7,5.7,9.2,9.3,10.0,2.2,2.5,0.0,0.0,0.0,1.7,3.2,0.4,0.9,220.0,1983.0,1987.57,252.0,249.44,20230225,2.5,1.0,0.3,1.0,0.5,1.0,0.5,1.5,0.5,1.5,0.5,0.0,0.0,1990.5,1934.9,1406.0,1406.6,1406.1,606.5,1469.4,1415.0,1404.5,10.469,10.7,10.737,11.005
45982,100.0,86.0,1952.69,212.06,1958.41,199.3,4.7,27.0,621.12,441.6,406.94,1404.5,592.43,6.8,4.1,5.3,9.2,9.7,10.8,0.0,3.4,1.3,0.0,0.0,1.7,3.2,2.2,1.1,220.0,1983.0,1990.06,252.0,249.78,20230225,2.5,1.0,0.3,1.0,0.5,1.0,0.5,1.5,0.5,1.5,0.5,0.0,0.0,1969.5,1934.9,1406.0,1406.6,1406.1,655.4,1470.3,1415.0,1404.5,10.469,10.71,10.737,11.005
45983,100.0,86.0,1996.41,211.66,1960.07,198.68,4.7,27.0,621.18,441.6,405.92,1404.5,592.22,6.9,5.3,6.4,9.6,9.9,11.3,99.9,18.7,99.9,0.0,0.0,1.0,2.2,0.4,1.1,220.0,1983.0,1985.43,252.0,250.42,20230225,2.5,1.0,0.3,1.0,0.5,1.0,0.5,1.5,0.5,1.5,0.5,0.0,0.0,1990.8,1934.9,1405.7,1407.2,1407.0,681.1,1470.3,1415.0,1404.5,10.469,10.64,10.737,11.005
45984,100.0,86.0,1996.41,211.76,1960.07,199.19,4.7,27.0,621.15,441.6,405.92,1404.5,592.4,6.9,5.3,6.4,9.6,9.9,6.8,99.9,8.8,99.9,0.0,0.0,1.0,1.8,0.4,1.1,220.0,1983.0,1985.07,252.0,250.42,20230225,2.5,1.0,0.3,1.0,0.5,1.0,0.5,1.5,0.5,1.5,0.5,0.0,0.0,1989.8,1934.9,1405.7,1407.2,1407.0,632.2,1470.0,1415.0,1404.5,10.469,10.7,10.737,11.005
45985,100.0,86.0,1952.96,212.38,1958.26,197.73,4.7,27.0,621.15,441.6,406.94,1404.5,592.42,6.2,4.4,5.0,6.5,5.5,6.8,3.8,4.7,2.3,0.0,0.0,1.3,1.3,1.8,1.1,220.0,1983.0,1985.07,252.0,250.36,20230225,2.5,1.0,0.3,1.0,0.5,1.0,0.5,1.5,0.5,1.5,0.5,0.0,0.0,1404.6,1936.7,1405.4,1405.1,1405.9,632.2,1469.7,1415.0,1404.5,10.469,10.68,10.737,11.005
45986,100.0,86.0,1952.96,212.38,1959.57,198.87,4.7,27.0,621.17,441.6,406.94,1404.5,592.62,6.2,4.4,5.0,6.0,4.5,5.4,3.8,4.7,2.3,0.9,0.0,1.3,1.3,1.8,1.3,220.0,1983.0,1984.72,252.0,250.28,20230225,2.5,1.0,0.3,1.0,0.5,1.0,0.5,1.5,0.5,1.5,0.5,0.0,0.0,1403.7,1936.7,1404.8,1405.1,1405.9,693.9,1469.7,1415.0,1404.5,10.469,10.68,10.737,11.005
45987,100.0,86.0,1952.63,212.02,1958.65,198.87,4.7,27.0,621.17,441.6,405.92,1404.5,592.62,6.9,7.1,5.9,8.8,11.3,12.4,1.9,2.2,0.0,0.0,0.0,0.4,0.4,1.1,1.1,220.0,1983.0,1984.01,252.0,250.57,20230225,2.5,1.0,0.3,1.0,0.5,1.0,0.5,1.5,0.5,1.5,0.5,0.0,0.0,1965.6,1936.7,1404.8,1405.8,1405.7,693.9,1469.4,1415.0,1404.5,10.469,10.7,10.737,11.005
45988,100.0,86.0,1952.63,211.39,1959.92,197.97,4.7,27.0,621.06,441.6,407.45,1404.5,592.34,6.9,7.1,5.9,8.8,10.4,11.3,2.5,2.2,0.0,0.0,0.0,0.4,0.7,1.1,1.1,220.0,1983.0,1987.21,252.0,250.57,20230225,2.5,1.0,0.3,1.0,0.5,1.0,0.5,1.5,0.5,1.5,0.5,0.0,0.0,1969.9,1936.7,1406.0,1405.8,1405.9,653.9,1469.4,1415.0,1404.5,10.469,10.7,10.737,11.005
45989,100.0,86.0,1955.14,212.32,1959.92,199.41,4.7,27.0,621.1,441.6,405.92,1404.5,592.4,6.2,5.7,4.8,10.5,10.4,10.9,3.1,0.0,0.0,0.0,0.0,1.0,0.7,0.4,0.7,220.0,1983.0,1987.21,252.0,250.55,20230225,2.5,1.0,0.3,1.0,0.5,1.0,0.5,1.5,0.5,1.5,0.5,0.0,0.0,1992.3,1934.9,1406.3,1406.3,1406.1,947.2,1470.0,1415.0,1404.5,10.469,10.74,10.737,11.005
45990,100.0,86.0,1955.14,212.32,1956.96,199.41,4.7,27.0,621.18,441.6,405.41,1404.5,592.4,6.2,5.7,4.8,9.9,10.2,11.3,4.1,1.5,2.0,1.9,0.0,2.0,2.8,4.1,3.7,220.0,1983.0,1986.85,252.0,250.37,20230225,2.5,1.0,0.3,1.0,0.5,1.0,0.5,1.5,0.5,1.5,0.5,0.0,0.0,1992.3,1934.9,1406.3,1406.3,1406.1,947.2,1478.6,1415.0,1404.5,10.469,10.73,10.737,11.005
45991,100.0,86.0,1953.79,212.16,1956.96,198.89,4.7,27.0,621.18,441.6,406.94,1404.5,592.4,7.7,5.7,5.3,9.9,9.9,11.3,4.1,4.7,2.0,1.9,-0.9,2.0,3.7,4.1,3.7,220.0,1983.0,1986.85,252.0,250.37,20230225,2.5,1.0,0.3,1.0,0.5,1.0,0.5,1.5,0.5,1.5,0.5,0.0,0.0,1991.1,1934.9,1404.9,1406.0,1406.0,941.9,1478.6,1415.0,1404.5,10.469,10.74,10.737,11.005
45992,100.0,86.0,1953.79,212.36,1956.22,199.36,4.7,27.0,621.19,441.6,404.91,1404.5,592.4,7.7,4.4,5.3,9.6,9.9,9.0,2.8,4.7,0.0,0.0,0.0,1.3,3.7,1.3,2.2,220.0,1983.0,1987.57,252.0,250.36,20230225,2.5,1.0,0.3,1.0,0.5,1.0,0.5,1.5,0.5,1.5,0.5,0.0,0.0,1990.3,1934.9,1405.5,1406.0,1406.0,941.9,1469.1,1415.0,1404.5,10.469,10.73,10.737,11.005
45993,100.0,86.0,1953.79,212.36,1957.46,199.36,4.7,27.0,621.2,441.6,405.92,1404.5,592.27,5.9,4.1,5.0,9.9,9.7,9.0,5.3,3.4,99.9,0.0,0.0,0.4,3.7,1.3,2.2,220.0,1983.0,1988.63,252.0,250.36,20230225,2.5,1.0,0.3,1.0,0.5,1.0,0.5,1.5,0.5,1.5,0.5,0.0,0.0,1992.4,1934.9,1405.5,1404.9,1405.5,594.3,1469.7,1415.0,1404.5,10.469,10.7,10.737,11.005
45994,100.0,86.0,1951.02,212.04,1958.26,198.45,4.7,27.0,621.28,441.6,404.41,1404.5,592.56,6.8,4.6,5.1,9.9,9.7,9.0,5.3,3.4,99.9,0.9,0.0,1.3,1.8,2.2,0.9,220.0,1983.0,1988.63,252.0,250.31,20230225,2.5,1.0,0.3,1.0,0.5,1.0,0.5,1.5,0.5,1.5,0.5,0.0,0.0,1993.7,1934.9,1405.4,1404.9,1406.1,637.0,1469.7,1415.0,1404.5,10.469,10.68,10.737,11.005
45995,100.0,86.0,1954.88,212.25,1959.92,199.46,4.7,27.0,621.28,441.6,404.91,1404.5,592.56,6.8,4.8,5.1,9.7,8.8,9.3,2.8,0.0,0.0,0.0,0.0,1.3,1.8,2.2,1.8,220.0,1983.0,1987.92,252.0,250.13,20230225,2.5,1.0,0.3,1.0,0.5,1.0,0.5,1.5,0.5,1.5,0.5,0.0,0.0,1993.7,1934.9,1405.1,1404.9,1406.1,775.1,1468.5,1415.0,1404.5,10.469,10.68,10.737,11.005
45996,100.0,86.0,1954.88,212.25,1959.92,199.46,4.7,27.0,621.16,441.6,405.41,1404.5,592.54,7.8,5.7,5.7,9.7,9.7,9.9,0.0,0.0,0.0,0.0,0.0,0.4,1.8,1.8,1.8,220.0,1983.0,1987.21,252.0,250.12,20230225,2.5,1.0,0.3,1.0,0.5,1.0,0.5,1.5,0.5,1.5,0.5,0.0,0.0,1990.0,1934.9,1405.2,1405.4,1405.6,775.1,1468.0,1415.0,1404.5,10.469,10.69,10.737,11.005
45997,100.0,86.0,1952.18,211.65,1959.36,198.42,4.7,27.0,621.11,441.6,403.9,1404.5,592.57,7.8,5.7,5.7,9.4,9.7,9.9,3.1,0.0,1.3,0.0,0.0,1.0,1.3,0.9,1.1,220.0,1983.0,1986.85,252.0,250.13,20230225,2.5,1.0,0.3,1.0,0.5,1.0,0.5,1.5,0.5,1.5,0.5,0.0,0.0,1971.0,1934.9,1406.0,1406.0,1406.1,612.4,1468.0,1415.0,1404.5,10.469,10.69,10.737,11.005
45998,100.0,86.0,1952.18,212.52,1955.86,199.63,4.7,27.0,621.17,441.6,405.92,1404.5,592.57,5.1,5.1,4.8,9.2,8.6,9.5,3.1,3.1,1.3,0.0,0.0,1.0,1.1,0.9,0.7,220.0,1983.0,1983.65,252.0,250.13,20230225,2.5,1.0,0.3,1.0,0.5,1.0,0.5,1.5,0.5,1.5,0.5,0.0,0.0,1967.9,1934.9,1406.0,1406.0,1406.1,596.1,1467.0,1415.0,1404.5,10.469,10.73,10.737,11.005
45999,100.0,86.0,1952.18,212.52,1958.06,199.63,4.7,27.0,621.17,441.6,403.9,1404.5,592.49,6.4,5.5,5.3,9.2,9.0,9.5,2.2,3.1,0.0,0.0,0.0,1.7,3.2,1.8,3.7,220.0,1983.0,1985.07,252.0,250.13,20230225,2.5,1.0,0.3,1.0,0.5,1.0,0.5,1.5,0.5,1.5,0.5,0.0,0.0,1968.6,1936.7,1405.4,1405.8,1406.0,698.6,1465.1,1415.0,1404.5,10.469,10.75,10.737,11.005
46000,100.0,86.0,1950.62,211.92,1958.06,198.31,4.7,27.0,621.16,441.6,406.43,1404.5,592.45,6.4,5.5,5.3,8.7,9.1,9.7,3.8,2.8,1.7,0.3,0.0,1.7,3.2,1.8,3.7,220.0,1983.0,1985.07,252.0,250.04,20230225,2.5,1.0,0.3,1.0,0.5,1.0,0.5,1.5,0.5,1.5,0.5,0.0,0.0,1990.5,1936.7,1405.1,1404.2,1405.4,813.3,1465.2,1415.0,1404.5,10.469,10.73,10.737,11.005
46001,100.0,86.0,1953.08,212.68,1956.28,199.6,4.7,27.0,621.12,441.6,404.91,1404.5,592.5,7.5,5.3,5.1,9.4,9.1,9.7,4.4,2.8,2.6,0.6,0.0,1.7,3.2,3.2,3.2,220.0,1983.0,1982.23,252.0,250.33,20230225,2.5,1.0,0.3,1.0,0.5,1.0,0.5,1.5,0.5,1.5,0.5,0.0,0.0,1990.5,1934.9,1405.5,1406.3,1406.7,813.3,1465.2,1415.0,1404.5,10.469,10.74,10.737,11.005
46002,100.0,86.0,1953.08,212.68,1958.59,199.6,4.7,27.0,621.12,441.6,406.94,1404.5,592.5,7.5,5.3,5.1,9.4,8.4,9.0,4.4,2.8,2.6,0.0,0.0,1.7,4.6,4.6,4.6,220.0,1983.0,1985.79,252.0,250.33,20230225,2.5,1.0,0.3,1.0,0.5,1.0,0.5,1.5,0.5,1.5,0.5,0.0,0.0,1990.1,1934.9,1405.5,1406.3,1406.7,789.9,1464.9,1415.0,1404.5,10.469,10.78,10.737,11.005
46003,100.0,86.0,1951.5,211.63,1958.77,198.64,4.7,27.0,621.12,441.6,405.92,1404.5,592.36,5.5,4.2,4.6,9.0,8.4,9.0,3.1,1.5,1.0,0.0,0.0,1.0,4.6,4.6,4.6,220.0,1983.0,1985.79,252.0,250.24,20230225,2.5,1.0,0.3,1.0,0.5,1.0,0.5,1.5,0.5,1.5,0.5,0.0,0.0,1990.1,1934.9,1404.6,1405.2,1405.4,789.9,1468.8,1415.0,1404.5,10.469,10.78,10.737,11.005
46004,100.0,86.0,1953.01,212.02,1958.77,199.56,4.7,27.0,620.98,441.6,405.92,1404.5,592.79,7.1,5.0,5.5,8.5,9.0,9.1,2.8,1.2,0.0,0.0,0.0,0.0,4.1,6.0,6.5,220.0,1983.0,1984.72,252.0,250.24,20230225,2.5,1.0,0.3,1.0,0.5,1.0,0.5,1.5,0.5,1.5,0.5,0.0,0.0,1966.7,1934.9,1405.2,1405.4,1405.9,1397.3,1477.2,1415.0,1404.5,10.469,10.78,10.737,11.005
46005,100.0,86.0,1953.01,212.02,1957.58,199.56,4.7,27.0,621.2,441.6,405.92,1404.5,592.79,7.1,5.0,5.5,8.7,9.0,9.1,1.9,1.2,0.0,0.0,0.0,1.0,4.1,6.0,6.5,220.0,1983.0,1984.72,252.0,249.98,20230225,2.5,1.0,0.3,1.0,0.5,1.0,0.5,1.5,0.5,1.5,0.5,0.0,0.0,1966.7,1936.7,1406.3,1406.1,1406.4,622.5,1477.2,1415.0,1404.5,10.469,10.74,10.737,11.005
46006,100.0,86.0,1952.21,211.71,1957.58,198.3,4.7,27.0,621.2,441.6,405.42,1404.5,592.33,6.6,5.0,4.9,9.0,9.1,10.0,2.5,2.2,0.0,0.0,0.0,1.0,2.2,3.2,2.8,220.0,1983.0,1985.43,252.0,249.9,20230225,2.5,1.0,0.3,1.0,0.5,1.0,0.5,1.5,0.5,1.5,0.5,0.0,0.0,1967.2,1936.7,1406.3,1406.7,1406.4,622.5,1467.9,1415.0,1404.5,10.469,10.7,10.737,11.005
46007,100.0,86.0,1953.35,212.85,1956.01,199.01,4.7,27.0,621.23,441.6,406.43,1404.5,592.53,6.6,4.2,4.9,9.4,9.1,10.4,2.5,2.2,0.0,0.0,1.9,1.3,1.3,1.1,1.3,220.0,1983.0,1988.63,252.0,249.87,20230225,2.5,1.0,0.3,1.0,0.5,1.0,0.5,1.5,0.5,1.5,0.5,0.0,0.0,1967.2,1934.9,1405.7,1406.7,1405.4,573.6,1466.3,1415.0,1404.5,10.469,10.7,10.737,11.005
46008,100.0,86.0,1953.35,212.85,1959.09,199.01,4.7,27.0,621.23,441.6,405.41,1404.5,592.53,6.0,5.3,5.0,9.7,10.0,10.4,4.1,2.2,1.7,0.0,1.9,1.3,2.2,1.8,0.9,220.0,1983.0,1988.63,252.0,249.6,20230225,2.5,1.0,0.3,1.0,0.5,1.0,0.5,1.5,0.5,1.5,0.5,0.0,0.0,1991.0,1934.9,1405.7,1405.1,1405.5,576.2,1477.4,1415.0,1404.5,10.469,10.69,10.737,11.005
46009,100.0,86.0,1952.06,211.92,1959.09,198.55,4.7,27.0,621.15,441.6,405.92,1404.5,592.29,6.0,5.3,5.0,9.7,9.1,9.7,4.1,1.9,1.7,0.0,0.0,1.7,3.7,2.2,1.8,220.0,1983.0,1988.63,252.0,249.39,20230225,2.5,1.0,0.3,1.0,0.5,1.0,0.5,1.5,0.5,1.5,0.5,0.0,0.0,1991.0,1934.9,1404.8,1405.1,1405.5,589.0,1477.4,1415.0,1404.5,10.469,10.65,10.737,11.005
46010,100.0,86.0,1952.39,212.16,1956.04,198.65,4.7,27.0,621.15,441.6,406.43,1404.5,592.29,7.7,3.9,5.8,9.7,9.5,9.7,3.8,3.8,99.9,0.0,0.0,2.0,3.7,2.2,1.8,220.0,1983.0,1987.21,252.0,249.27,20230225,2.5,1.0,0.3,1.0,0.5,1.0,0.5,1.5,0.5,1.5,0.5,0.0,0.0,1962.1,1936.7,1405.4,1406.3,1406.5,590.5,1477.7,1415.0,1404.5,10.469,10.67,10.737,11.005
46011,100.0,86.0,1952.3,212.16,1958.26,198.65,4.7,27.0,621.09,441.6,405.92,1404.5,592.47,7.7,6.6,6.0,9.7,9.5,9.5,3.8,3.8,99.9,0.9,0.0,2.0,1.1,1.1,1.1,220.0,1983.0,1988.28,252.0,249.19,20230225,2.5,1.0,0.3,1.0,0.5,1.0,0.5,1.5,0.5,1.5,0.5,0.0,0.0,1968.0,1936.7,1405.4,1406.3,1406.5,906.0,1477.7,1415.0,1404.5,10.469,10.68,10.737,11.005
46012,100.0,86.0,1953.99,211.69,1958.26,198.09,4.7,27.0,621.08,441.6,406.43,1404.5,592.7,6.6,6.6,6.0,9.7,8.8,9.3,2.8,2.5,0.0,0.0,0.0,1.3,3.7,3.7,3.2,220.0,1983.0,1988.28,252.0,248.99,20230225,2.5,1.0,0.3,1.0,0.5,1.0,0.5,1.5,0.5,1.5,0.5,0.0,0.0,2123.0,1934.9,1405.1,1405.7,1406.4,906.0,1469.1,1415.0,1404.5,10.469,10.67,10.737,11.005
46013,100.0,86.0,1953.99,212.68,1956.6,198.12,4.7,27.0,621.18,441.6,405.92,1404.5,592.7,4.8,5.1,4.9,9.7,8.4,9.1,0.0,2.5,0.0,0.0,0.0,0.7,3.7,3.7,3.2,220.0,1983.0,1984.72,252.0,248.85,20230225,2.5,1.0,0.3,1.0,0.5,1.0,0.5,1.5,0.5,1.5,0.5,0.0,0.0,2123.0,1934.9,1404.5,1403.9,1405.0,620.1,1469.1,1415.0,1404.5,10.469,10.66,10.737,11.005
46014,100.0,86.0,1953.99,212.68,1956.99,198.12,4.7,27.0,621.18,441.6,403.9,1404.5,592.43,6.2,5.1,4.9,9.2,8.4,9.1,1.5,3.1,0.0,0.0,0.0,0.0,3.7,3.7,3.2,220.0,1983.0,1986.14,252.0,249.08,20230225,2.5,1.0,0.3,1.0,0.5,1.0,0.5,1.5,0.5,1.5,0.5,0.0,0.0,1990.7,1934.9,1404.5,1406.0,1405.9,634.6,1477.7,1415.0,1404.5,10.469,10.66,10.737,11.005
46015,100.0,86.0,1951.98,211.28,1955.45,198.05,4.7,27.0,620.92,441.6,401.86,1404.5,592.4,6.2,3.2,3.9,9.2,9.0,9.5,2.5,3.1,1.3,0.0,0.0,0.7,1.1,0.4,0.9,220.0,1983.0,1984.01,252.0,249.08,20230225,2.5,1.0,0.3,1.0,0.5,1.0,0.5,1.5,0.5,1.5,0.5,0.0,0.0,1965.0,1934.9,1403.9,1406.0,1405.9,742.2,1477.7,1415.0,1404.5,10.469,10.66,10.737,11.005
46016,100.0,86.0,1953.7,212.64,1957.2,198.05,4.7,27.0,621.13,441.6,403.9,1404.5,592.4,7.5,3.3,5.4,9.0,9.0,9.5,2.5,3.1,1.3,0.0,0.0,0.7,2.2,1.8,1.3,220.0,1983.0,1986.14,252.0,249.25,20230225,2.5,1.0,0.3,1.0,0.5,1.0,0.5,1.5,0.5,1.5,0.5,0.0,0.0,1969.4,1934.9,1404.2,1405.7,1404.8,871.1,1469.8,1415.0,1404.5,10.469,10.66,10.737,11.005
46017,100.0,86.0,1953.7,212.64,1957.46,198.28,4.7,27.0,621.13,441.6,445.56,1404.5,593.11,7.5,3.3,5.4,9.0,9.9,9.1,2.5,3.1,1.7,0.0,0.0,1.0,4.1,6.0,6.5,220.0,1983.0,1986.14,252.0,249.25,20230225,2.5,1.0,0.3,1.0,0.5,1.0,0.5,1.5,0.5,1.5,0.5,0.0,0.0,1969.4,1936.7,1404.2,1405.7,1405.0,871.1,1468.2,1415.0,1404.5,10.469,10.67,10.737,11.005
46018,100.0,86.0,1952.33,211.84,1955.39,198.28,4.7,27.0,621.09,441.6,445.56,1404.5,593.11,6.4,2.4,4.8,9.4,9.9,9.7,2.8,2.2,1.7,0.0,0.0,1.0,4.1,6.0,6.5,220.0,1983.0,1987.21,252.0,249.08,20230225,2.5,1.0,0.3,1.0,0.5,1.0,0.5,1.5,0.5,1.5,0.5,0.0,0.0,1967.5,1936.7,1404.2,1404.9,1405.0,714.3,1468.2,1415.0,1404.5,10.469,10.65,10.737,11.005
46019,100.0,86.0,1952.33,211.84,1955.39,198.02,4.7,27.0,621.11,441.6,445.56,1404.5,592.8,6.2,4.1,5.1,9.4,8.4,9.7,2.8,2.2,1.7,0.0,-1.5,0.7,4.1,6.0,6.5,220.0,1983.0,1987.21,252.0,249.08,20230225,2.5,1.0,0.3,1.0,0.5,1.0,0.5,1.5,0.5,1.5,0.5,0.0,0.0,1967.5,1934.9,1404.2,1404.3,1404.9,661.3,1466.9,1415.0,1404.5,10.469,10.66,10.737,11.005
46020,100.0,86.0,1952.33,211.84,1955.39,198.02,4.7,27.0,621.11,441.6,438.44,1404.5,592.8,6.2,4.1,5.1,7.6,8.4,8.4,2.8,2.2,1.7,0.0,-1.5,0.7,2.2,3.7,1.8,220.0,1983.0,1987.21,252.0,249.08,20230225,2.5,1.0,0.3,1.0,0.5,1.0,0.5,1.5,0.5,1.5,0.5,0.0,0.0,1403.2,1934.9,1403.2,1404.3,1404.9,1664.3,1466.4,1415.0,1404.5,10.469,10.68,10.737,11.005
46545,40.0,90.0,1964.48,221.02,1969.18,208.72,6.2,27.0,621.26,441.76,422.19,1404.5,600.3,5.3,4.6,4.9,6.3,6.3,6.1,0.0,0.0,0.0,1.5,2.5,1.7,4.6,4.6,2.8,240.0,2010.0,2007.5,260.0,260.95,20230226,2.5,2.0,3.0,2.0,3.0,2.0,3.0,1.5,3.0,1.5,0.0,0.0,0.0,432.1,1936.7,1403.3,1402.1,1403.3,76.4,1464.0,1415.0,1401.5,10.469,10.68,10.737,11.005
46546,100.0,86.0,1953.58,212.83,1961.14,199.31,4.7,27.0,621.26,441.6,400.84,1404.5,594.28,4.8,5.5,4.1,6.7,7.2,6.8,0.0,0.6,0.7,0.0,0.0,1.3,0.9,1.1,1.1,220.0,1983.0,1984.36,252.0,250.68,20230226,2.5,1.0,0.3,1.0,0.5,1.0,0.5,1.5,0.5,1.5,0.5,0.0,0.0,1404.8,1936.7,1404.3,1405.1,1405.2,722.3,1465.8,1415.0,1404.5,10.469,10.64,10.737,11.005
46547,100.0,86.0,1952.92,211.92,1959.72,199.44,4.7,27.0,621.05,441.6,404.91,1404.5,594.26,6.8,3.3,4.1,8.7,9.5,8.8,3.1,1.5,1.7,0.0,0.0,0.0,0.1,-0.8,-0.8,220.0,1983.0,1985.43,252.0,250.7,20230226,2.5,1.0,0.3,1.0,0.5,1.0,0.5,1.5,0.5,1.5,0.5,0.0,0.0,1988.4,1936.7,1403.3,1405.4,1404.9,591.1,1464.9,1415.0,1404.5,10.469,10.68,10.737,11.005
46548,100.0,86.0,1952.21,211.92,1959.72,199.41,4.7,27.0,621.19,441.6,403.9,1404.5,593.94,6.8,3.5,5.3,8.7,9.5,8.8,4.1,0.0,1.7,0.0,0.0,0.0,0.1,-3.4,-2.5,220.0,1983.0,1985.43,252.0,250.4,20230226,2.5,1.0,0.3,1.0,0.5,1.0,0.5,1.5,0.5,1.5,0.5,0.0,0.0,1988.4,1936.7,1403.3,1405.4,1404.9,591.1,1477.2,1415.0,1404.5,10.469,10.67,10.737,11.005
46549,100.0,86.0,1952.37,211.34,1959.21,200.7,4.7,27.0,621.19,441.6,403.9,1404.5,593.72,6.8,3.9,5.3,8.5,8.2,8.1,4.1,2.8,1.7,0.0,0.0,0.7,-0.2,0.1,-2.5,220.0,1983.0,1985.43,252.0,250.42,20230226,2.5,1.0,0.3,1.0,0.5,1.0,0.5,1.5,0.5,1.5,0.5,0.0,0.0,1988.0,1934.9,1404.0,1406.0,1404.9,667.8,1477.2,1415.0,1404.5,10.469,10.64,10.737,11.005
46550,100.0,86.0,1952.37,212.29,1960.84,200.7,4.7,27.0,621.14,441.6,402.88,1404.5,593.48,6.8,5.7,5.9,8.3,8.4,8.1,4.1,2.8,1.3,0.0,0.0,0.1,0.7,0.4,0.4,220.0,1983.0,1985.07,252.0,250.42,20230226,2.5,1.0,0.3,1.0,0.5,1.0,0.5,1.5,0.5,1.5,0.5,0.0,0.0,1932.4,1936.7,1404.0,1406.0,1404.8,667.8,1477.7,1415.0,1404.5,10.469,10.65,10.737,11.005
46551,100.0,86.0,1953.51,212.29,1960.84,199.79,4.7,27.0,620.97,441.6,402.88,1404.5,593.45,7.7,5.7,5.9,8.8,8.6,8.1,1.2,0.0,0.0,0.0,0.0,0.0,0.7,0.4,0.4,220.0,1983.0,1985.07,252.0,250.36,20230226,2.5,1.0,0.3,1.0,0.5,1.0,0.5,1.5,0.5,1.5,0.5,0.0,0.0,1988.6,1936.7,1404.9,1406.0,1405.0,715.8,1477.7,1415.0,1404.5,10.469,10.65,10.737,11.005
46552,100.0,86.0,1953.51,211.4,1960.37,198.54,4.7,27.0,620.95,441.6,401.86,1404.5,593.46,7.7,4.1,5.9,8.8,8.6,7.2,1.2,0.0,1.3,1.5,-0.9,1.7,-0.8,-0.8,-1.2,220.0,1983.0,1985.07,252.0,250.29,20230226,2.5,1.0,0.3,1.0,0.5,1.0,0.5,1.5,0.5,1.5,0.5,0.0,0.0,1988.6,1934.9,1404.9,1406.0,1405.4,715.8,1467.9,1415.0,1404.5,10.469,10.59,10.737,11.005
46553,100.0,86.0,1951.62,213.41,1957.67,198.6,4.7,27.0,621.04,441.6,402.88,1404.5,593.46,5.7,2.6,4.1,7.8,7.0,9.1,0.0,1.9,1.3,1.5,0.0,1.7,-0.8,-2.5,-1.2,220.0,1983.0,1985.07,252.0,250.17,20230226,2.5,1.0,1.0,1.0,1.0,1.0,1.0,1.5,1.0,1.5,1.0,0.0,0.0,2138.2,1934.9,1404.8,1406.0,1405.4,664.5,1469.4,1415.0,1404.5,10.469,10.61,10.737,11.005
46554,100.0,86.0,1952.27,213.41,1959.24,198.6,4.7,27.0,621.04,441.6,401.86,1404.5,593.52,8.6,4.6,5.5,9.2,9.5,9.1,3.4,1.9,1.7,0.0,0.0,1.3,1.1,0.7,0.4,220.0,1983.0,1984.01,252.0,250.55,20230226,2.5,1.0,1.0,1.0,1.0,1.0,1.0,1.5,1.0,1.5,1.0,0.0,0.0,2138.2,1934.9,1403.7,1406.0,1405.2,964.1,1469.4,1415.0,1404.5,10.469,10.57,10.737,11.005
46555,100.0,86.0,1952.27,211.54,1959.24,198.94,4.7,27.0,621.18,441.6,400.84,1404.5,593.52,8.6,4.6,5.5,9.2,9.5,8.4,4.7,1.9,1.7,0.0,0.0,1.3,1.1,0.7,0.4,220.0,1983.0,1984.72,252.0,250.75,20230226,2.5,1.0,1.0,1.0,1.0,1.0,1.0,1.2,1.0,1.2,1.0,0.0,0.0,1991.3,1936.7,1405.1,1406.0,1405.5,964.1,1468.3,1415.0,1404.5,10.469,10.56,10.737,11.005
46556,100.0,86.0,1952.27,212.46,1959.24,198.94,4.7,27.0,621.18,441.6,400.33,1404.5,593.38,5.3,4.1,5.5,9.2,9.1,9.1,4.7,2.2,1.7,0.0,0.0,0.0,0.9,0.4,0.4,220.0,1983.0,1984.72,252.0,250.86,20230226,2.5,1.0,1.0,1.0,1.0,1.0,1.0,1.2,1.0,1.2,1.0,0.0,0.0,1988.8,1936.7,1405.1,1404.8,1405.5,715.2,1468.3,1415.0,1404.5,10.469,10.58,10.737,11.005
46557,100.0,86.0,1952.5,212.46,1957.67,198.65,4.7,27.0,621.1,441.6,401.86,1404.5,593.38,7.5,5.7,5.9,9.2,9.1,9.1,0.0,2.2,1.7,0.0,0.0,0.0,1.1,0.4,0.4,220.0,1983.0,1987.21,252.0,250.86,20230226,2.5,1.0,1.0,1.0,1.0,1.0,1.0,1.2,1.0,1.2,1.0,0.0,0.0,1991.2,1934.9,1403.7,1405.1,1404.6,628.7,1468.6,1415.0,1404.5,10.469,10.58,10.737,11.005
46558,100.0,86.0,1953.35,211.78,1960.55,198.78,4.7,27.0,621.13,441.6,400.84,1404.5,593.28,7.5,5.7,5.9,8.8,8.8,8.4,0.0,2.5,1.0,0.0,1.5,1.0,1.8,1.8,1.3,220.0,1983.0,1987.21,252.0,250.62,20230226,2.5,1.0,1.0,1.0,1.0,1.0,1.0,1.2,1.0,1.2,1.0,0.0,0.0,1991.2,1934.9,1404.6,1405.1,1404.6,628.7,1468.6,1415.0,1404.5,10.469,10.57,10.737,11.005
46559,100.0,86.0,1953.35,213.17,1956.93,198.78,4.7,27.0,621.13,441.6,400.84,1404.5,593.38,7.3,5.3,5.4,9.2,8.8,8.8,0.0,2.5,1.0,0.0,1.5,1.0,1.8,1.8,1.3,220.0,1983.0,1984.01,252.0,250.62,20230226,2.5,1.0,1.0,1.0,1.0,1.0,1.0,1.2,1.0,1.2,1.0,0.0,0.0,1989.8,1934.9,1404.6,1405.1,1404.8,608.8,1467.9,1415.0,1404.5,10.469,10.6,10.737,11.005
46560,100.0,86.0,1953.87,213.17,1958.89,198.83,4.7,27.0,621.05,441.6,401.86,1404.5,593.38,7.3,5.1,5.4,9.2,8.8,8.8,0.0,1.9,0.0,0.0,1.5,1.0,1.8,1.8,1.3,220.0,1983.0,1984.72,252.0,250.62,20230226,2.5,1.0,1.0,1.0,1.0,1.0,1.0,1.2,1.0,1.2,1.0,0.0,0.0,1990.5,1934.9,1404.8,1405.7,1405.4,586.6,1468.2,1415.0,1404.5,10.469,10.58,10.737,11.005
46561,100.0,86.0,1953.87,209.67,1958.89,199.11,4.7,27.0,621.02,441.6,400.84,1404.5,593.38,5.9,5.3,5.1,8.8,8.8,8.6,4.4,1.9,2.0,0.0,0.0,1.0,1.1,0.4,0.9,220.0,1983.0,1984.72,252.0,250.39,20230226,2.5,1.0,1.0,1.0,1.0,1.0,1.0,1.2,1.0,1.2,1.0,0.0,0.0,1994.0,1934.9,1404.8,1405.7,1405.4,669.0,1468.2,1415.0,1404.5,10.469,10.6,10.737,11.005
46562,100.0,86.0,1951.89,211.56,1957.32,199.11,4.7,27.0,620.91,441.6,401.86,1404.5,593.38,5.9,5.3,5.1,8.5,8.8,8.6,4.4,1.9,2.0,0.0,0.0,1.3,0.9,-0.8,0.4,220.0,1983.0,1985.79,252.0,250.42,20230226,2.5,1.0,1.0,1.0,1.0,1.0,1.0,1.2,1.0,1.2,1.0,0.0,0.0,1994.0,1936.7,1404.2,1405.4,1405.0,669.0,1466.7,1415.0,1404.5,10.469,10.65,10.737,11.005
46563,100.0,86.0,1952.1,211.56,1959.24,198.59,4.7,27.0,621.05,441.6,400.84,1404.5,593.41,5.1,5.3,5.0,8.8,9.7,9.3,0.0,2.8,0.0,0.0,0.0,1.3,-0.2,-0.8,-0.8,220.0,1983.0,1985.79,252.0,250.42,20230226,2.5,1.0,1.0,1.0,1.0,1.0,1.0,1.2,1.0,1.2,1.0,0.0,0.0,1965.3,1938.5,1404.2,1405.1,1404.7,727.4,1476.0,1415.0,1404.5,10.469,10.6,10.737,11.005
46564,100.0,86.0,1952.1,211.07,1959.24,199.78,4.7,27.0,621.05,441.6,402.37,1404.5,593.48,6.8,4.2,5.9,8.8,9.7,9.3,3.8,3.1,1.7,0.0,0.0,1.3,1.3,0.7,0.9,220.0,1983.0,1985.07,252.0,250.37,20230226,2.5,1.0,1.0,1.0,1.0,1.0,1.0,1.2,1.0,1.2,1.0,0.0,0.0,1970.3,1938.5,1404.2,1404.6,1404.7,727.4,1476.0,1415.0,1404.5,10.469,10.59,10.737,11.005
46565,100.0,86.0,1951.33,211.0,1961.82,199.78,4.7,27.0,620.97,441.6,400.84,1404.5,593.49,6.8,5.1,5.9,8.7,9.5,9.3,3.8,3.1,2.0,0.0,0.0,1.3,1.3,0.7,0.9,220.0,1983.0,1985.07,252.0,250.22,20230226,2.5,1.0,1.0,1.0,1.0,1.0,1.0,1.2,1.0,1.2,1.0,0.0,0.0,1991.0,1934.9,1404.8,1405.2,1405.0,829.9,1465.7,1415.0,1404.5,10.469,10.64,10.737,11.005
46566,100.0,86.0,1954.18,212.42,1961.82,198.71,4.7,27.0,621.06,441.6,401.86,1404.5,593.49,6.4,5.1,5.3,8.3,9.5,9.1,5.3,5.3,99.9,0.0,0.0,0.7,0.1,-0.8,0.1,220.0,1983.0,1985.07,252.0,250.14,20230226,2.5,1.0,1.0,1.0,1.0,1.0,1.0,1.2,1.0,1.2,1.0,0.0,0.0,1991.0,1934.9,1404.8,1405.4,1405.1,829.9,1466.4,1415.0,1404.5,10.469,10.64,10.737,11.005
46567,100.0,86.0,1954.18,212.42,1959.69,199.7,4.7,27.0,621.06,441.6,400.84,1404.5,593.32,5.1,4.4,4.2,7.9,9.1,8.4,5.3,5.3,99.9,0.0,1.2,0.7,0.1,-1.2,0.1,220.0,1983.0,1985.07,252.0,250.01,20230226,2.5,1.0,1.5,1.0,1.0,1.0,1.5,1.2,1.0,1.2,1.5,0.0,0.0,1991.0,1934.9,1404.0,1405.4,1405.1,586.3,1466.6,1415.0,1404.5,10.469,10.62,10.737,11.005
46568,100.0,86.0,1954.94,212.49,1959.69,199.7,4.7,27.0,621.1,441.6,400.33,1404.5,593.51,6.2,3.7,5.7,8.1,9.0,7.5,0.0,0.0,0.0,0.0,1.2,0.0,1.3,0.7,1.1,220.0,1983.0,1985.79,252.0,249.82,20230226,2.5,1.0,1.5,1.0,1.0,1.0,1.5,1.2,1.0,1.2,1.5,0.0,0.0,1991.2,1934.9,1405.1,1406.0,1405.4,890.9,1467.0,1415.0,1404.5,10.469,10.61,10.737,11.005
46569,100.0,86.0,1954.94,212.49,1958.5,198.35,4.7,27.0,621.1,441.6,402.37,1404.5,593.53,6.2,5.3,6.0,8.1,9.0,7.7,2.5,0.0,1.7,0.0,0.0,0.1,1.3,0.7,1.1,220.0,1983.0,1985.79,252.0,249.79,20230226,2.5,1.0,1.5,1.0,1.0,1.0,1.5,1.2,1.0,1.2,1.5,0.0,0.0,1991.2,1934.9,1405.1,1406.0,1405.4,890.9,1468.0,1415.0,1404.5,10.469,10.61,10.737,11.005
46570,100.0,86.0,1952.75,210.64,1957.46,199.4,4.7,27.0,621.04,441.6,401.86,1404.5,593.53,6.0,5.3,6.0,8.3,8.4,9.1,3.8,0.0,1.7,0.0,0.0,0.7,1.1,0.4,0.1,220.0,1983.0,1985.07,252.0,249.64,20230226,2.5,1.0,1.5,1.0,1.0,1.0,1.5,1.2,1.0,1.2,1.5,0.0,0.0,1990.1,1934.9,1404.8,1405.7,1404.9,719.7,1468.3,1415.0,1404.5,10.469,10.59,10.737,11.005
46571,100.0,86.0,1952.45,211.93,1960.28,199.4,4.7,27.0,621.05,441.6,402.88,1404.5,593.56,6.0,5.1,5.9,8.3,8.6,9.1,3.8,4.1,1.3,0.0,0.0,0.0,1.1,-0.5,0.1,220.0,1983.0,1984.36,252.0,249.79,20230226,2.5,1.0,1.5,1.0,1.0,1.0,1.5,1.2,1.0,1.2,1.5,0.0,0.0,1994.8,1934.9,1405.4,1406.6,1405.9,584.5,1468.3,1415.0,1404.5,10.469,10.59,10.737,11.005
46572,100.0,86.0,1953.04,211.93,1960.28,198.69,4.7,27.0,621.05,441.6,402.88,1404.5,593.56,6.0,5.1,5.9,8.3,8.6,9.3,4.4,4.1,2.0,0.0,0.0,1.3,0.4,0.1,0.4,220.0,1983.0,1985.43,252.0,249.79,20230226,2.5,1.0,1.5,1.0,1.0,1.0,1.5,1.2,1.0,1.2,1.5,0.0,0.0,1994.8,1936.7,1405.4,1406.6,1405.9,658.9,1467.6,1415.0,1404.5,10.469,10.61,10.737,11.005
46573,100.0,86.0,1953.04,210.95,1960.04,199.57,4.7,27.0,621.04,441.6,400.84,1404.5,593.46,6.0,4.2,5.5,8.7,8.6,9.3,5.0,3.1,2.6,0.0,0.0,1.7,5.0,5.0,4.6,220.0,1983.0,1985.79,252.0,249.65,20230226,2.5,1.0,1.5,1.0,1.0,1.0,1.5,1.2,1.0,1.2,1.5,0.0,0.0,1991.4,1936.7,1404.5,1405.4,1405.3,658.9,1467.6,1415.0,1404.5,10.469,10.6,10.737,11.005
46574,100.0,86.0,1952.96,211.66,1957.7,199.57,4.7,27.0,621.0,441.6,401.35,1404.5,593.5,6.0,5.7,5.5,8.7,8.2,8.8,5.0,2.5,2.6,1.2,0.0,1.7,5.0,5.0,4.6,220.0,1983.0,1986.14,252.0,249.47,20230226,2.5,1.0,1.5,1.0,1.0,1.0,1.5,1.2,1.0,1.2,1.5,0.0,0.0,1991.4,1934.9,1404.5,1404.9,1405.6,642.3,1468.8,1415.0,1404.5,10.469,10.62,10.737,11.005
46575,100.0,86.0,1953.55,211.66,1957.91,198.58,4.7,27.0,621.02,441.6,400.33,1404.5,593.5,5.7,5.7,5.0,7.9,8.4,8.2,0.0,0.0,99.9,1.2,0.9,1.7,3.2,0.7,2.2,220.0,1983.0,1986.14,252.0,249.26,20230226,2.5,1.0,1.5,1.0,1.0,1.0,1.5,1.2,1.0,1.2,1.5,0.0,0.0,1990.6,1934.9,1404.3,1404.3,1405.6,583.1,1469.4,1415.0,1404.5,10.469,10.62,10.737,11.005
46576,100.0,86.0,1954.15,210.22,1957.91,199.46,4.7,27.0,621.08,441.6,401.35,1404.5,593.55,5.1,5.3,4.2,8.5,8.4,8.4,0.0,0.0,99.9,1.2,0.0,1.7,3.2,0.7,1.3,220.0,1983.0,1987.92,252.0,249.28,20230226,2.5,1.0,1.5,1.0,1.0,1.0,1.5,1.2,1.0,1.2,1.5,0.0,0.0,1971.4,1934.9,1404.3,1404.6,1405.6,618.6,1469.4,1415.0,1404.5,10.469,10.62,10.737,11.005
46577,100.0,86.0,1954.15,212.42,1958.74,199.46,4.7,27.0,621.08,441.6,399.82,1404.5,593.58,4.8,5.3,4.6,8.5,8.2,8.4,2.8,10.7,1.7,0.0,0.0,0.4,1.8,1.1,0.7,220.0,1983.0,1987.92,252.0,249.34,20230226,2.5,1.0,1.5,1.0,1.0,1.0,1.5,1.2,1.0,1.2,1.5,0.0,0.0,1983.6,1934.9,1404.8,1404.8,1405.0,675.5,1467.0,1415.0,1404.5,10.469,10.62,10.737,11.005
46578,100.0,86.0,1953.08,212.42,1958.74,198.78,4.7,27.0,621.06,441.6,400.84,1404.5,593.6,6.4,6.4,5.7,7.4,7.9,7.7,3.1,8.5,1.7,2.5,1.2,1.3,3.2,2.2,2.8,220.0,1983.0,1986.5,252.0,249.35,20230226,2.5,1.0,1.5,1.0,1.0,1.0,1.5,1.2,1.0,1.2,1.5,0.0,0.0,1983.6,1934.9,1404.9,1404.8,1404.8,675.5,1467.0,1415.0,1404.5,10.469,10.65,10.737,11.005
46579,100.0,86.0,1953.08,210.85,1958.62,199.82,4.7,27.0,621.22,441.6,401.35,1404.5,593.84,6.4,6.4,5.7,9.2,6.4,9.3,3.4,8.5,1.3,2.5,1.2,1.3,3.2,2.2,2.8,220.0,1983.0,1985.43,252.0,249.35,20230226,2.5,1.0,1.5,1.0,1.0,1.0,1.5,1.2,1.0,1.2,1.5,0.0,0.0,1981.1,1934.9,1404.9,1404.0,1404.9,690.0,1465.7,1415.0,1404.5,10.469,10.62,10.737,11.005
46580,100.0,86.0,1952.69,211.13,1959.24,199.82,4.7,27.0,621.22,441.6,399.82,1404.5,593.84,4.6,5.0,5.5,9.2,7.3,9.3,3.4,2.8,1.3,0.0,0.9,0.7,1.8,1.8,1.8,220.0,1983.0,1982.23,252.0,249.29,20230226,2.5,1.0,1.5,1.0,1.0,1.0,1.5,1.2,1.0,1.2,1.5,0.0,0.0,1981.1,1936.7,1404.2,1404.2,1405.0,690.0,1475.9,1415.0,1404.5,10.469,10.62,10.737,11.005
46581,100.0,86.0,1952.69,211.13,1960.07,199.01,4.7,27.0,621.04,441.6,401.35,1404.5,593.62,5.9,5.5,5.5,8.3,8.4,8.4,3.4,2.8,2.0,0.0,0.0,0.0,5.0,5.0,4.1,220.0,1983.0,1986.85,252.0,249.65,20230226,2.5,1.0,1.5,1.0,1.0,1.0,1.5,1.2,1.0,1.2,1.5,0.0,0.0,1968.4,1936.7,1404.3,1404.3,1405.0,574.2,1475.9,1415.0,1404.5,10.469,10.62,10.737,11.005
46582,100.0,86.0,1953.93,210.92,1960.07,199.41,4.7,27.0,621.04,441.6,400.84,1404.5,593.7,5.9,5.5,5.5,8.3,8.4,8.4,3.4,3.1,2.0,0.0,0.0,1.7,5.0,5.0,4.1,220.0,1983.0,1987.92,252.0,251.19,20230226,2.5,1.0,1.5,1.0,1.0,1.0,1.5,1.2,1.0,1.2,1.5,0.0,0.0,1990.7,1934.9,1404.3,1404.3,1405.1,599.4,1466.7,1415.0,1404.5,10.469,10.61,10.737,11.005
46583,100.0,86.0,1953.93,210.92,1960.87,199.41,4.7,27.0,621.04,441.6,402.88,1404.5,593.7,4.4,6.2,5.0,6.7,7.7,7.3,2.2,3.1,1.3,0.0,0.0,1.7,2.2,0.9,1.8,220.0,1983.0,1989.35,252.0,251.51,20230226,2.5,1.0,1.5,1.0,1.0,1.0,1.5,1.2,1.0,1.2,1.5,0.0,0.0,1990.7,1934.9,1404.6,1404.0,1405.6,669.9,1466.9,1415.0,1404.5,10.469,10.67,10.737,11.005
46584,100.0,86.0,1953.82,211.35,1960.87,199.18,4.7,27.0,621.05,441.6,401.86,1404.5,593.82,6.0,6.2,5.9,8.5,9.3,9.5,0.0,1.9,1.0,0.9,0.0,1.7,0.1,0.9,0.9,220.0,1983.0,1989.35,252.0,251.67,20230226,2.5,1.0,1.5,1.0,1.0,1.0,1.5,1.2,1.0,1.2,1.5,0.0,0.0,1915.6,1934.9,1404.6,1404.0,1405.6,773.9,1477.8,1415.0,1404.5,10.469,10.7,10.737,11.005
46585,100.0,86.0,1953.82,211.35,1958.12,199.18,4.7,27.0,621.05,441.6,400.84,1404.5,593.82,6.0,5.9,5.9,8.5,9.3,9.5,0.0,1.5,1.0,2.8,0.0,1.3,0.4,-0.5,0.1,220.0,1983.0,1988.63,252.0,252.03,20230226,2.5,1.0,1.5,1.0,1.0,1.0,1.5,1.2,1.0,1.2,1.5,0.0,0.0,1989.7,1934.9,1404.2,1404.2,1404.8,773.9,1477.8,1415.0,1404.5,10.469,10.69,10.737,11.005
46586,100.0,86.0,1953.67,212.66,1959.83,197.35,4.7,27.0,621.11,441.6,401.86,1404.5,593.71,6.0,5.7,5.0,8.5,8.2,8.8,2.8,8.5,1.3,2.8,0.0,1.0,0.4,-0.5,-0.5,220.0,1983.0,1988.63,252.0,252.03,20230226,2.5,1.0,1.5,1.0,1.0,1.0,1.5,1.2,1.0,1.2,1.5,0.0,0.0,1989.7,1934.9,1405.2,1405.5,1404.7,575.7,1468.8,1415.0,1404.5,10.469,10.69,10.737,11.005
46587,100.0,86.0,1955.09,212.66,1960.52,198.99,4.7,27.0,621.13,441.6,400.84,1404.5,593.92,6.0,5.7,5.0,8.5,8.1,8.2,2.8,8.5,1.3,2.8,0.0,1.0,1.8,1.3,3.7,220.0,1983.0,1987.92,252.0,251.72,20230226,2.5,1.0,1.5,1.0,1.0,1.0,1.5,1.2,1.0,1.2,1.5,0.0,0.0,1992.0,1934.9,1405.2,1405.5,1405.2,749.0,1468.8,1415.0,1404.5,10.469,10.68,10.737,11.005
46588,100.0,86.0,1955.09,210.87,1960.52,198.64,4.7,27.0,621.13,441.6,401.86,1404.5,594.11,5.5,5.3,5.1,8.5,8.1,8.1,2.8,2.5,1.7,1.2,0.0,1.0,1.8,3.7,6.0,220.0,1983.0,1989.7,252.0,251.72,20230226,2.5,1.0,1.5,1.0,1.0,1.0,1.5,1.2,1.0,1.2,1.5,0.0,0.0,1992.0,1934.9,1404.8,1404.9,1405.2,749.0,1479.3,1415.0,1404.5,10.469,10.67,10.737,11.005
46589,100.0,86.0,1953.16,211.86,1958.98,198.73,4.7,27.0,621.07,441.6,401.35,1404.5,594.11,5.5,5.3,5.1,7.6,7.2,7.2,5.7,17.4,3.2,1.2,0.9,0.7,2.8,3.7,6.0,220.0,1983.0,1989.7,252.0,251.82,20230226,2.5,1.0,1.5,1.0,1.0,1.0,1.5,1.2,1.0,1.2,1.5,0.0,0.0,1991.0,1934.9,1404.0,1404.5,1405.1,605.6,1479.3,1415.0,1404.5,10.469,10.67,10.737,11.005
46590,100.0,86.0,1953.63,211.86,1959.24,198.73,4.7,27.0,620.99,441.6,400.84,1404.5,593.92,5.3,4.6,5.0,8.3,7.9,7.9,5.7,17.4,99.9,0.0,0.9,0.1,2.8,0.9,2.2,220.0,1983.0,1989.7,252.0,252.24,20230226,2.5,1.0,1.5,1.0,1.0,1.0,1.5,1.2,1.0,1.2,1.5,0.0,0.0,1963.6,1936.7,1404.0,1404.0,1405.0,604.7,1468.9,1415.0,1404.5,10.469,10.68,10.737,11.005
46591,100.0,86.0,1953.63,210.8,1959.24,198.73,4.7,27.0,620.99,441.6,402.37,1404.5,594.12,7.5,5.3,5.5,8.3,8.6,9.1,1.5,0.0,99.9,0.0,0.0,1.7,1.1,0.4,1.1,220.0,1983.0,1989.7,252.0,252.24,20230226,2.5,1.0,1.5,1.0,1.0,1.0,1.5,1.2,1.0,1.2,1.5,0.0,0.0,1941.8,1936.7,1403.9,1403.9,1404.7,652.7,1468.9,1415.0,1404.5,10.469,10.67,10.737,11.005
46592,100.0,86.0,1952.77,211.52,1959.33,199.04,4.7,27.0,621.1,441.6,401.86,1404.5,593.8,7.5,5.3,5.5,8.8,8.8,9.1,1.2,0.0,0.0,0.0,0.0,2.0,1.3,0.9,2.2,220.0,1983.0,1988.63,252.0,251.52,20230226,2.5,1.0,1.5,1.0,1.0,1.0,1.5,1.2,1.0,1.2,1.5,0.0,0.0,1991.7,1934.9,1404.6,1404.6,1404.9,981.3,1468.5,1415.0,1404.5,10.469,10.66,10.737,11.005
46593,100.0,86.0,1954.43,211.52,1959.33,199.04,4.7,27.0,621.1,441.6,400.84,1404.5,593.91,4.6,6.2,5.0,8.8,8.8,8.8,1.9,0.0,0.0,0.0,0.0,2.0,1.3,0.9,2.2,220.0,1983.0,1985.79,252.0,251.47,20230226,2.5,1.0,1.5,1.0,1.0,1.0,1.5,1.2,1.0,1.2,1.5,0.0,0.0,1991.7,1934.9,1404.6,1404.6,1404.9,981.3,1468.0,1415.0,1404.5,10.469,10.62,10.737,11.005
46594,100.0,86.0,1954.64,211.39,1959.21,198.6,4.7,27.0,621.1,441.6,401.86,1404.5,593.91,5.7,6.2,5.0,8.7,8.2,8.8,1.9,0.0,0.0,0.0,0.0,2.0,0.4,1.1,1.8,220.0,1983.0,1985.07,252.0,251.5,20230226,2.5,1.0,1.5,1.0,1.0,1.0,1.5,1.2,1.0,1.2,1.5,0.0,0.0,1990.0,1934.9,1404.0,1404.6,1404.6,600.0,1468.0,1415.0,1404.5,10.469,10.65,10.737,11.005
46595,100.0,86.0,1954.64,211.94,1960.04,198.9,4.7,27.0,621.1,441.6,401.86,1404.5,593.72,5.7,5.1,5.1,8.7,8.8,7.9,1.5,0.0,1.0,0.0,0.0,1.0,0.9,1.1,1.8,220.0,1983.0,1987.21,252.0,251.73,20230226,2.5,1.0,1.5,1.0,1.0,1.0,1.5,1.2,1.0,1.2,1.5,0.0,0.0,1984.7,1934.9,1404.9,1404.9,1404.8,602.0,1469.2,1415.0,1404.5,10.469,10.66,10.737,11.005
46596,100.0,86.0,1953.63,211.94,1960.04,198.9,4.7,27.0,621.06,441.6,401.35,1404.5,593.65,5.5,5.3,5.1,8.5,8.8,8.4,2.5,1.9,1.7,0.0,0.0,1.0,2.8,3.2,6.5,220.0,1983.0,1987.21,252.0,251.73,20230226,2.5,1.0,1.5,1.0,1.0,1.0,1.5,1.2,1.0,1.2,1.5,0.0,0.0,1989.6,1934.9,1404.9,1404.9,1404.8,767.9,1469.2,1415.0,1404.5,10.469,10.69,10.737,11.005
46597,100.0,86.0,1951.97,211.73,1959.95,198.82,4.7,27.0,621.03,441.6,401.35,1404.5,593.55,5.7,5.5,5.6,8.5,8.6,8.4,5.3,1.9,2.9,0.0,0.0,0.7,2.8,3.2,6.5,220.0,1983.0,1986.85,252.0,251.65,20230226,2.5,1.0,1.5,1.0,1.0,1.0,1.5,1.2,1.0,1.2,1.5,0.0,0.0,1990.2,1934.9,1404.5,1404.3,1405.2,767.9,1467.9,1415.0,1404.5,10.469,10.68,10.737,11.005
46598,100.0,86.0,1951.97,210.87,1959.95,198.82,4.7,27.0,621.06,441.6,400.84,1404.5,593.4,6.0,5.7,5.6,7.9,7.9,7.3,5.3,1.5,2.9,0.0,1.2,0.0,2.8,3.2,6.5,220.0,1983.0,1986.85,252.0,251.65,20230226,2.5,1.0,1.5,1.0,1.0,1.0,1.5,1.2,1.0,1.2,1.5,0.0,0.0,1990.2,1934.9,1404.0,1404.2,1405.2,744.2,1467.9,1415.0,1404.5,10.469,10.7,10.737,11.005
46599,100.0,86.0,1953.58,210.87,1958.5,198.82,4.7,27.0,621.08,441.6,400.33,1404.5,593.44,6.4,5.7,4.8,7.9,7.7,7.3,0.0,0.0,99.9,0.0,1.2,1.3,2.8,0.7,1.3,220.0,1983.0,1989.7,252.0,251.54,20230226,2.5,1.0,1.5,1.0,1.0,1.0,1.5,1.2,1.0,1.2,1.5,0.0,0.0,1991.2,1934.9,1404.6,1404.8,1405.2,638.8,1467.3,1415.0,1404.5,10.469,10.73,10.737,11.005
46600,100.0,86.0,1953.58,210.61,1961.55,198.36,4.7,27.0,621.08,441.6,404.91,1404.5,593.51,6.4,5.3,5.0,7.8,7.7,7.3,0.0,0.0,99.9,0.0,0.0,1.3,1.1,0.4,0.7,220.0,1983.0,1989.7,252.0,251.67,20230226,2.5,1.0,1.5,1.0,1.0,1.0,1.5,1.2,1.0,1.2,1.5,0.0,0.0,1991.2,1934.9,1404.8,1406.0,1405.8,58.3,1467.3,1415.0,1404.5,10.469,10.68,10.737,11.005
46601,100.0,86.0,1952.63,211.21,1961.55,198.96,4.7,27.0,621.04,441.6,402.88,1404.5,593.52,6.0,5.1,5.0,7.8,7.0,7.2,0.0,2.2,1.7,0.0,0.0,1.7,0.9,0.7,0.9,220.0,1983.0,1988.28,252.0,251.67,20230226,2.5,1.0,1.5,1.0,1.0,1.0,1.5,1.2,1.0,1.2,1.5,0.0,0.0,1966.3,1934.9,1405.1,1406.0,1405.8,898.3,1466.4,1415.0,1404.5,10.469,10.68,10.737,11.005
46602,100.0,86.0,1952.63,211.7,1959.21,198.96,4.7,27.0,621.02,441.6,401.86,1404.5,593.52,5.5,5.1,5.0,7.6,7.7,6.4,0.0,2.2,1.7,0.0,0.0,2.0,0.9,0.7,0.9,220.0,1983.0,1988.99,252.0,251.56,20230226,2.5,1.0,1.5,1.0,1.0,1.0,1.5,1.2,1.0,1.2,1.5,0.0,0.0,1988.6,1934.9,1405.1,1405.1,1405.1,898.3,1466.7,1415.0,1404.5,10.469,10.69,10.737,11.005
46603,100.0,86.0,1953.1,211.7,1957.94,198.74,4.7,27.0,620.97,441.6,401.35,1404.5,593.47,5.5,4.4,5.0,8.1,8.8,8.2,0.0,0.0,1.3,0.0,0.0,2.0,0.9,0.4,1.3,220.0,1983.0,1988.99,252.0,251.46,20230226,2.5,1.0,1.5,1.0,1.0,1.0,1.5,1.2,1.0,1.2,1.5,0.0,0.0,1989.4,1934.9,1404.0,1404.6,1405.1,858.0,1466.7,1415.0,1404.5,10.469,10.69,10.737,11.005
46604,100.0,86.0,1959.69,211.39,1958.89,197.71,4.7,27.0,620.94,441.6,401.86,1404.5,593.46,5.3,5.1,5.3,8.1,8.8,8.2,14.8,0.0,3.6,0.6,0.0,1.3,1.3,0.4,1.3,220.0,1983.0,1987.21,252.0,251.31,20230226,2.5,1.0,1.5,1.0,1.0,1.0,1.5,1.2,1.0,1.2,1.5,0.0,0.0,1990.5,1934.9,1404.8,1404.5,1405.1,572.4,1468.0,1415.0,1404.5,10.469,10.69,10.737,11.005
46605,100.0,86.0,1957.02,212.46,1958.89,199.27,4.7,27.0,620.96,441.6,400.84,1404.5,593.46,6.2,6.4,5.3,7.4,7.9,7.0,4.1,8.2,3.6,0.0,0.0,1.3,1.3,1.3,2.2,220.0,1983.0,1987.21,252.0,251.27,20230226,2.5,1.0,1.5,1.0,1.0,1.0,1.5,1.2,1.0,1.2,1.5,0.0,0.0,1990.5,1934.9,1404.8,1404.5,1405.1,573.3,1468.0,1415.0,1404.5,10.469,10.68,10.737,11.005
46606,100.0,86.0,1953.82,212.01,1958.65,199.27,4.7,27.0,620.97,441.6,402.37,1404.5,593.55,6.6,6.4,5.9,7.4,6.8,7.0,4.1,0.0,2.3,0.0,0.0,0.0,3.2,2.8,2.8,220.0,1983.0,1986.14,252.0,251.14,20230226,2.5,1.0,1.5,1.0,1.0,1.0,1.5,1.2,1.0,1.2,1.5,0.0,0.0,1988.0,1934.9,1403.7,1405.2,1405.1,836.1,1467.9,1415.0,1404.5,10.469,10.66,10.737,11.005
46607,100.0,86.0,1953.82,212.01,1957.67,199.2,4.7,27.0,621.06,441.6,403.39,1404.5,593.82,6.6,5.1,5.9,7.8,7.5,8.1,0.0,0.0,0.0,0.0,0.0,1.0,3.2,2.8,2.8,220.0,1983.0,1985.79,252.0,250.96,20230226,2.5,1.0,1.5,1.0,1.0,1.0,1.5,1.2,1.0,1.2,1.5,0.0,0.0,1988.0,1936.7,1403.7,1405.2,1404.9,836.1,1467.9,1415.0,1404.5,10.469,10.66,10.737,11.005
46608,100.0,86.0,1953.29,210.61,1959.95,199.2,4.7,27.0,621.07,441.6,401.86,1404.5,593.82,6.0,4.6,4.6,8.7,7.5,9.1,7.9,3.8,3.2,0.6,0.6,0.7,0.9,0.4,0.7,220.0,1983.0,1985.07,252.0,250.96,20230226,2.5,1.0,1.5,1.0,1.0,1.0,1.5,1.2,1.0,1.2,1.5,0.0,0.0,1988.0,1936.7,1403.3,1403.9,1404.2,812.7,1476.8,1415.0,1404.5,10.469,10.74,10.737,11.005
46609,100.0,86.0,1951.92,211.42,1959.95,199.2,4.7,27.0,621.07,441.6,401.86,1404.5,593.55,6.0,6.0,4.6,8.7,7.5,9.1,7.9,3.8,99.9,0.6,0.9,0.7,0.4,0.4,0.7,220.0,1983.0,1987.21,252.0,250.86,20230226,2.5,1.0,1.5,1.0,1.0,1.0,1.5,1.2,1.0,1.2,1.5,0.0,0.0,1991.5,1934.9,1403.9,1403.9,1404.3,812.7,1476.8,1415.0,1404.5,10.469,10.72,10.737,11.005
46610,100.0,86.0,1951.66,210.53,1960.78,199.12,4.7,27.0,621.06,441.6,403.39,1404.5,593.59,6.8,6.0,5.5,7.8,7.3,8.4,1.5,1.9,99.9,0.0,0.0,1.0,0.1,-0.8,0.4,220.0,1983.0,1987.21,252.0,250.58,20230226,2.5,1.0,1.5,1.0,1.0,1.0,1.5,1.2,1.0,1.2,1.5,0.0,0.0,1991.5,1934.9,1404.5,1403.9,1404.7,672.2,1468.8,1415.0,1404.5,10.469,10.7,10.737,11.005
46611,100.0,86.0,1951.66,211.39,1960.78,199.12,4.7,27.0,621.06,441.6,402.88,1404.5,593.59,6.8,5.1,5.5,7.8,7.3,8.4,0.0,1.9,1.0,0.0,0.0,1.0,1.1,1.3,1.1,220.0,1983.0,1986.14,252.0,250.61,20230226,2.5,1.0,1.5,1.0,1.0,1.0,1.5,1.2,1.0,1.2,1.5,0.0,0.0,1983.3,1936.7,1404.8,1404.8,1404.9,540.7,1468.8,1415.0,1404.5,10.469,10.72,10.737,11.005
46612,100.0,86.0,1954.15,211.39,1961.23,198.66,4.7,27.0,621.0,441.6,402.88,1404.5,593.63,5.9,4.8,5.0,8.1,6.6,7.3,0.0,3.4,1.0,0.0,0.0,1.0,1.1,1.3,1.1,220.0,1983.0,1986.14,252.0,250.61,20230226,2.5,1.0,1.5,1.0,1.0,1.0,1.5,1.2,1.0,1.2,1.5,0.0,0.0,1965.2,1936.7,1404.8,1405.1,1404.9,540.7,1467.6,1415.0,1404.5,10.469,10.7,10.737,11.005
46613,100.0,86.0,1954.15,209.45,1961.23,199.85,4.7,27.0,620.95,441.6,402.88,1404.5,593.63,5.9,4.8,5.0,8.8,7.7,8.6,4.4,3.4,0.0,0.0,0.0,1.3,1.1,0.4,1.3,220.0,1983.0,1987.21,252.0,250.48,20230226,2.5,1.0,1.5,1.0,1.0,1.0,1.5,1.2,1.0,1.2,1.5,0.0,0.0,1988.7,1934.9,1404.2,1405.1,1404.9,936.5,1467.6,1415.0,1404.5,10.469,10.69,10.737,11.005
46614,100.0,86.0,1955.11,211.74,1961.38,199.85,4.7,27.0,621.08,441.6,402.37,1404.5,593.51,5.9,4.8,4.8,99.9,7.7,8.6,4.4,2.5,1.0,0.0,0.0,1.3,1.3,0.4,1.3,220.0,1983.0,1987.21,252.0,250.36,20230226,2.5,1.0,1.5,1.0,1.0,1.0,1.5,1.2,1.0,1.2,1.5,0.0,0.0,1989.2,1936.7,1403.7,1404.8,1404.9,936.5,1469.4,1415.0,1404.5,10.469,10.7,10.737,11.005
46615,100.0,86.0,1952.06,211.74,1956.87,198.45,4.7,27.0,621.08,441.6,402.37,1404.5,593.51,7.1,4.8,5.3,99.9,7.2,8.1,3.4,2.5,1.3,0.0,0.0,1.0,1.3,0.4,1.1,220.0,1983.0,1986.14,252.0,250.19,20230226,2.5,1.0,1.5,1.0,1.0,1.0,1.5,1.2,1.0,1.2,1.5,0.0,0.0,1989.2,1936.7,1404.2,1404.2,1404.8,649.7,1469.4,1415.0,1404.5,10.469,10.69,10.737,11.005
46616,100.0,86.0,1952.06,210.48,1957.46,199.61,4.7,27.0,621.03,441.6,401.86,1404.5,593.51,7.1,5.5,5.3,7.9,8.2,9.1,4.4,1.2,1.3,0.0,0.0,1.0,3.7,2.8,3.7,220.0,1983.0,1988.63,252.0,250.19,20230226,2.5,1.0,1.5,1.0,1.0,1.0,1.5,1.2,1.0,1.2,1.5,0.0,0.0,1988.7,1934.9,1404.2,1404.6,1405.0,649.7,1469.4,1415.0,1404.5,10.469,10.68,10.737,11.005
46617,100.0,86.0,1953.39,211.43,1957.82,199.61,4.7,27.0,620.92,441.6,401.86,1404.5,593.51,5.3,5.5,5.1,7.9,8.2,9.1,4.4,1.5,1.0,0.0,1.5,1.0,3.7,2.8,3.7,220.0,1983.0,1988.63,252.0,250.18,20230226,2.5,1.0,1.5,1.0,1.0,1.0,1.5,1.2,1.0,1.2,1.5,0.0,0.0,1965.9,1934.9,1403.7,1404.6,1405.0,631.7,1469.4,1415.0,1404.5,10.469,10.68,10.737,11.005
46618,100.0,86.0,1951.67,212.16,1957.82,198.85,4.7,27.0,621.02,441.6,400.84,1404.5,593.39,7.7,5.5,5.8,7.6,8.1,9.1,2.2,2.5,1.7,0.0,1.5,0.1,2.8,0.9,1.3,220.0,1983.0,1985.79,252.0,250.18,20230226,2.5,1.0,1.5,1.0,1.0,1.0,1.5,1.2,1.0,1.2,1.5,0.0,0.0,1975.4,1934.9,1403.3,1406.3,1405.4,631.7,1469.5,1415.0,1404.5,10.469,10.68,10.737,11.005
46619,100.0,86.0,1951.67,212.16,1960.63,199.73,4.7,27.0,621.02,441.6,400.84,1404.5,593.58,7.7,9.3,5.8,7.4,7.5,8.8,4.4,2.5,2.0,0.0,1.9,1.0,2.8,4.1,2.8,220.0,1983.0,1987.21,252.0,250.24,20230226,2.5,1.0,1.5,1.0,1.0,1.0,1.5,1.2,1.0,1.2,1.5,0.0,0.0,2157.1,1934.9,1403.3,1406.3,1405.4,575.1,1469.5,1415.0,1404.5,10.469,10.7,10.737,11.005
46620,100.0,86.0,1952.53,211.36,1960.63,199.73,4.7,27.0,621.3,441.6,401.35,1404.5,593.58,3.9,9.3,4.4,7.4,7.5,8.8,4.4,0.0,2.3,0.0,1.9,1.0,8.9,4.1,9.3,220.0,1983.0,1991.48,252.0,250.24,20230226,2.5,1.0,1.5,1.0,1.0,1.0,1.5,1.2,1.0,1.2,1.5,0.0,0.0,2157.1,1934.9,1404.5,1403.3,1405.0,777.4,1470.3,1415.0,1404.5,10.469,10.7,10.737,11.005
46621,100.0,86.0,1952.53,211.36,1955.98,198.68,4.7,27.0,621.3,441.6,401.35,1404.5,593.41,5.0,4.1,4.8,8.8,8.6,9.0,2.5,0.0,2.3,0.0,0.0,1.0,8.9,10.2,9.3,220.0,1983.0,1983.29,252.0,249.98,20230226,2.5,1.0,1.5,1.0,1.0,1.0,1.5,1.2,1.0,1.2,1.5,0.0,0.0,1991.4,1934.9,1404.5,1405.4,1405.0,905.7,1470.3,1415.0,1404.5,10.469,10.68,10.737,11.005
46622,100.0,86.0,1952.53,209.51,1955.98,199.44,4.7,27.0,621.13,441.6,400.84,1404.5,593.53,5.3,5.5,5.1,9.0,8.8,9.1,3.8,2.2,0.0,0.0,0.0,1.7,8.9,10.2,9.3,220.0,1983.0,1986.5,252.0,252.28,20230226,2.5,1.0,1.5,1.0,1.0,1.0,1.5,1.2,1.0,1.2,1.5,0.0,0.0,1991.4,1934.9,1404.2,1405.4,1404.7,929.7,1470.3,1415.0,1404.5,10.469,10.69,10.737,11.005
46623,100.0,86.0,1952.8,210.26,1959.6,199.44,4.7,27.0,621.13,441.6,399.82,1404.5,593.53,5.9,5.5,5.1,9.0,8.8,9.1,3.8,2.2,0.0,0.0,0.0,1.3,6.5,1.3,5.0,220.0,1983.0,1987.21,252.0,253.28,20230226,2.5,1.0,1.5,1.0,1.0,1.0,1.5,1.2,1.0,1.2,1.5,0.0,0.0,1990.3,1934.9,1403.6,1403.6,1404.6,929.7,1470.0,1415.0,1404.5,10.469,10.72,10.737,11.005
46624,100.0,86.0,1952.8,210.81,1959.6,199.01,4.7,27.0,621.05,441.6,400.84,1404.5,593.45,5.9,5.1,5.0,8.7,8.2,9.3,1.5,2.2,1.3,0.0,0.0,1.0,0.7,0.7,0.1,220.0,1983.0,1987.92,252.0,253.71,20230226,2.5,1.0,1.5,1.0,1.0,1.0,1.5,1.2,1.0,1.2,1.5,0.0,0.0,1990.3,1934.9,1403.7,1403.6,1404.6,594.3,1470.3,1415.0,1404.5,10.469,10.77,10.737,11.005
46625,100.0,86.0,1951.14,211.47,1959.6,198.22,4.7,27.0,621.06,441.6,400.84,1404.5,593.52,8.0,5.1,6.0,9.6,9.3,9.7,1.5,2.2,1.3,0.9,0.0,1.0,2.8,3.7,2.8,220.0,1983.0,1987.92,252.0,253.71,20230226,2.5,1.0,1.5,1.0,1.0,1.0,1.5,1.2,1.0,1.2,1.5,0.0,0.0,1981.1,1934.9,1404.3,1405.2,1405.2,594.3,1470.3,1415.0,1404.5,10.469,10.76,10.737,11.005
46626,100.0,86.0,1954.79,211.47,1959.6,199.19,4.7,27.0,621.06,441.6,400.84,1404.5,593.52,8.0,5.5,6.0,9.6,9.3,9.7,1.2,2.8,1.3,0.0,0.0,1.0,2.8,3.7,3.2,220.0,1983.0,1987.92,252.0,253.43,20230226,2.5,1.0,1.5,1.0,1.0,1.0,1.5,1.2,1.0,1.2,1.5,0.0,0.0,1981.1,1936.7,1404.5,1405.7,1406.4,573.6,1469.1,1415.0,1404.5,10.469,10.74,10.737,11.005
46627,100.0,86.0,1954.79,210.54,1959.36,198.6,4.7,27.0,620.92,441.6,401.35,1404.5,593.59,8.0,5.5,5.9,8.8,9.7,9.9,1.2,2.8,1.0,0.0,0.0,0.4,3.7,2.2,3.2,220.0,1983.0,1986.5,252.0,253.36,20230226,2.5,1.0,1.5,1.0,1.0,1.0,1.5,1.2,1.0,1.2,1.5,0.0,0.0,1979.4,1936.7,1404.8,1405.7,1406.4,1663.3,1468.5,1415.0,1404.5,10.469,10.75,10.737,11.005
46628,100.0,86.0,1949.01,210.07,1957.94,198.6,4.7,27.0,620.96,441.6,401.86,1404.5,593.59,4.1,3.7,4.6,8.8,9.7,9.9,5.0,12.9,2.6,0.0,0.0,1.0,3.7,1.1,2.2,220.0,1983.0,1988.63,252.0,253.38,20230226,2.5,1.0,1.5,1.0,1.0,1.0,1.5,1.2,1.0,1.2,1.5,0.0,0.0,1960.4,1934.9,1404.8,1405.1,1404.7,641.7,1468.0,1415.0,1404.5,10.469,10.74,10.737,11.005
46629,100.0,86.0,1951.79,210.56,1960.31,198.63,4.7,27.0,620.98,441.6,402.37,1404.5,593.61,4.1,5.7,4.6,8.8,9.7,9.1,5.0,12.9,2.6,3.1,1.2,1.3,1.3,0.9,1.1,220.0,1983.0,1988.63,252.0,253.38,20230226,2.5,1.0,1.5,1.0,1.0,1.0,1.5,1.2,1.0,1.2,1.5,0.0,0.0,1987.8,1936.7,1403.6,1403.0,1404.1,641.7,1467.2,1415.0,1404.5,10.469,10.77,10.737,11.005
46630,100.0,86.0,1953.7,211.48,1960.78,198.63,4.7,27.0,621.23,441.6,402.88,1404.5,593.61,5.5,5.9,5.9,8.8,9.7,8.1,3.8,2.5,1.7,0.0,0.0,0.0,4.1,1.8,1.8,220.0,1983.0,1988.28,252.0,253.34,20230226,2.5,1.0,1.5,1.0,1.0,1.0,1.5,1.2,1.0,1.2,1.5,0.0,0.0,1987.8,1936.7,1404.3,1404.8,1405.2,612.4,1467.4,1415.0,1404.5,10.469,10.79,10.737,11.005
46631,100.0,86.0,1953.7,211.48,1960.9,198.37,4.7,27.0,621.3,441.6,400.84,1404.5,593.55,5.5,5.9,5.9,8.1,8.1,9.0,3.8,2.5,1.7,0.0,0.0,2.0,4.1,1.8,2.2,220.0,1983.0,1988.28,252.0,253.37,20230226,2.5,1.0,1.5,1.0,1.0,1.0,1.5,1.2,1.0,1.2,1.5,0.0,0.0,1990.8,1934.9,1404.3,1404.8,1405.2,593.1,1468.0,1415.0,1404.5,10.469,10.78,10.737,11.005
46632,100.0,86.0,1954.05,211.56,1960.9,199.45,4.7,27.0,621.67,441.6,400.33,1404.5,593.59,5.7,5.3,5.5,9.4,8.1,9.0,0.0,0.0,0.0,0.0,0.0,2.0,2.8,8.4,2.2,220.0,1983.0,1990.06,252.0,253.39,20230226,2.5,1.0,1.5,1.0,1.0,1.0,1.5,1.2,1.0,1.2,1.5,0.0,0.0,1992.1,1934.9,1404.5,1404.5,1406.1,686.5,1468.0,1415.0,1404.5,10.469,10.8,10.737,11.005
46633,100.0,86.0,1954.05,212.14,1960.16,199.45,4.7,27.0,621.67,441.6,401.86,1404.5,593.59,8.4,5.0,5.9,9.4,6.4,7.7,4.4,2.8,2.3,0.0,0.0,2.3,2.2,8.4,10.7,220.0,1983.0,1990.06,252.0,253.39,20230226,2.5,1.0,1.5,1.0,1.0,1.0,1.5,1.2,1.0,1.2,1.5,0.0,0.0,1992.1,1934.9,1404.8,1406.4,1406.1,686.5,1466.7,1415.0,1404.5,10.469,10.77,10.737,11.005
46634,100.0,86.0,1949.76,212.14,1956.99,198.94,4.7,27.0,621.05,441.6,401.86,1404.5,593.38,8.4,5.0,5.9,7.0,9.5,8.6,4.4,2.8,2.3,0.9,0.0,2.3,2.2,0.9,1.1,220.0,1983.0,1989.35,252.0,253.09,20230226,2.5,1.0,1.5,1.0,1.0,1.0,1.5,1.2,1.0,1.2,1.5,0.0,0.0,1991.3,1936.7,1404.8,1406.4,1405.6,572.4,1468.0,1415.0,1404.5,10.469,10.76,10.737,11.005
46635,100.0,86.0,1953.67,212.24,1961.97,198.61,4.7,27.0,620.99,441.6,400.84,1404.5,593.38,6.4,4.6,4.8,6.7,9.5,8.6,2.8,1.9,99.9,0.0,0.0,2.0,3.7,3.7,3.2,220.0,1983.0,1988.99,252.0,253.09,20230226,2.5,1.0,1.5,1.0,1.0,1.0,1.5,1.2,1.0,1.2,1.5,0.0,0.0,1988.9,1936.7,1403.3,1404.2,1404.9,735.1,1469.4,1415.0,1404.5,10.469,10.75,10.737,11.005
46636,100.0,86.0,1953.04,212.24,1956.16,198.61,4.7,27.0,620.89,441.6,401.86,1404.5,592.59,6.4,3.9,4.8,10.1,10.6,10.8,3.8,1.9,99.9,0.0,0.0,0.0,3.7,2.8,3.2,220.0,1983.0,1986.85,252.0,253.05,20230226,2.5,1.0,1.5,1.0,1.0,1.0,1.5,1.2,1.0,1.2,1.5,0.0,0.0,1967.1,1934.9,1404.2,1404.2,1405.0,719.1,1469.4,1415.0,1404.5,10.469,10.8,10.737,11.005
46637,100.0,86.0,1953.91,211.63,1959.33,197.92,4.7,27.0,620.87,441.6,401.86,1404.5,592.59,7.7,4.6,5.0,8.5,8.6,9.5,4.4,1.9,2.0,0.6,0.0,1.7,3.7,4.6,4.1,220.0,1983.0,1986.5,252.0,253.1,20230226,2.5,1.0,1.7,1.0,1.0,1.0,1.7,1.2,1.0,1.2,1.7,0.0,0.0,1989.6,1936.7,1405.1,1406.0,1405.3,719.1,1469.2,1415.0,1404.5,10.469,10.75,10.737,11.005
46638,100.0,86.0,1953.91,211.41,1959.33,198.65,4.7,27.0,620.87,441.6,401.86,1404.5,592.58,7.7,4.6,5.0,8.5,8.6,9.5,4.4,1.9,2.0,0.0,1.2,1.7,2.8,4.1,4.1,220.0,1983.0,1986.5,252.0,253.16,20230226,2.5,1.0,1.7,1.0,1.0,1.0,1.7,1.2,1.0,1.2,1.7,0.0,0.0,1989.6,1936.7,1405.1,1406.0,1405.3,1397.6,1470.0,1415.0,1404.5,10.469,10.77,10.737,11.005
46639,100.0,86.0,1953.91,211.72,1959.33,199.55,4.7,27.0,620.88,441.6,401.86,1404.5,592.42,6.8,3.9,5.0,8.1,8.6,8.8,0.0,0.0,0.0,0.0,1.2,0.0,7.0,7.0,6.0,220.0,1983.0,1985.43,252.0,253.16,20230226,2.5,1.0,1.7,1.0,1.0,1.0,1.7,1.2,1.0,1.2,1.7,0.0,0.0,1989.7,1936.7,1403.9,1404.8,1405.0,721.7,1470.6,1415.0,1404.5,10.469,10.75,10.737,11.005
46640,100.0,86.0,1951.33,211.72,1958.77,199.55,4.7,27.0,620.88,441.6,398.82,1404.5,592.42,6.8,4.4,5.0,8.1,9.0,9.0,2.8,2.5,0.0,0.0,0.0,1.3,7.0,7.0,7.0,220.0,1983.0,1985.43,252.0,253.15,20230226,2.5,1.0,1.7,1.0,1.0,1.0,1.7,1.2,1.0,1.2,1.7,0.0,0.0,1990.2,1934.9,1403.9,1404.2,1405.1,721.7,1470.6,1415.0,1404.5,10.469,10.74,10.737,11.005
46641,100.0,86.0,1952.96,211.39,1962.09,198.88,4.7,27.0,620.94,441.6,400.84,1404.5,592.57,6.8,4.4,5.0,7.8,9.0,9.0,2.8,2.5,1.3,0.0,0.0,1.3,7.9,7.4,7.0,220.0,1983.0,1984.36,252.0,253.25,20230226,2.5,1.0,1.7,1.0,1.0,1.0,1.7,1.2,1.0,1.2,1.7,0.0,0.0,1990.2,1936.7,1404.8,1404.2,1405.1,826.6,1469.4,1415.0,1404.5,10.469,10.77,10.737,11.005
46642,100.0,86.0,1952.96,211.39,1962.09,198.88,4.7,27.0,620.94,441.6,400.33,1404.5,592.63,7.1,3.3,4.4,7.8,8.1,8.2,1.9,1.9,1.3,0.0,0.0,2.3,7.9,7.4,7.0,220.0,1983.0,1988.99,252.0,253.25,20230226,2.5,1.0,1.7,1.0,1.0,1.0,1.7,1.2,1.0,1.2,1.7,0.0,0.0,1989.3,1936.7,1404.8,1405.4,1405.2,826.6,1468.3,1415.0,1404.5,10.469,10.78,10.737,11.005
46643,100.0,86.0,1951.27,211.33,1955.63,198.71,4.7,27.0,621.0,441.6,400.84,1404.5,592.63,7.1,3.9,5.2,7.8,8.1,8.1,1.9,1.9,0.0,1.9,0.0,2.3,1.8,0.7,2.2,220.0,1983.0,1988.99,252.0,253.19,20230226,2.5,1.0,1.7,1.0,1.0,1.0,1.7,1.2,1.0,1.2,1.7,0.0,0.0,1991.3,1934.9,1404.5,1405.4,1405.2,750.2,1469.1,1415.0,1404.5,10.469,10.77,10.737,11.005
46644,100.0,86.0,1953.13,211.74,1955.63,198.69,4.7,27.0,621.04,441.6,400.84,1404.5,592.43,6.6,3.9,5.2,8.5,9.1,8.8,1.9,1.9,2.0,1.9,0.0,2.0,4.1,6.0,7.0,220.0,1983.0,1987.21,252.0,253.03,20230226,2.5,1.0,1.7,1.0,1.0,1.0,1.7,1.2,1.0,1.2,1.7,0.0,0.0,1991.3,1934.9,1404.5,1404.9,1405.0,750.2,1469.1,1415.0,1404.5,10.469,10.82,10.737,11.005
46645,100.0,86.0,1953.13,211.74,1956.25,198.69,4.7,27.0,621.04,441.6,399.32,1404.5,592.41,5.9,3.5,5.1,8.5,9.1,8.8,3.8,4.1,2.0,1.2,0.0,1.7,4.1,6.0,7.0,220.0,1983.0,1988.63,252.0,252.98,20230226,2.5,1.0,1.7,1.0,1.0,1.0,1.7,1.2,1.0,1.2,1.7,0.0,0.0,1988.7,1934.9,1403.9,1404.2,1404.3,514.0,1468.9,1415.0,1404.5,10.469,10.81,10.737,11.005
46646,100.0,86.0,1952.75,211.47,1958.17,197.46,4.7,27.0,620.92,441.6,400.84,1404.5,592.46,7.5,4.6,6.0,8.1,8.2,9.3,3.8,4.1,2.0,0.0,0.0,1.3,3.2,1.1,1.8,220.0,1983.0,1988.63,252.0,252.93,20230226,2.5,1.0,1.7,1.0,1.0,1.0,1.7,1.2,1.0,1.2,1.7,0.0,0.0,1988.7,1934.9,1404.6,1404.9,1404.9,756.1,1468.5,1415.0,1404.5,10.469,10.8,10.737,11.005
46647,100.0,86.0,1953.43,211.95,1958.17,198.68,4.7,27.0,620.87,441.6,399.82,1404.5,592.5,7.5,4.6,6.0,8.1,8.2,9.3,1.2,3.1,1.7,0.9,0.0,1.3,3.2,1.1,1.8,220.0,1983.0,1989.7,252.0,252.93,20230226,2.5,1.0,1.7,1.0,1.0,1.0,1.7,1.2,1.0,1.2,1.7,0.0,0.0,1989.4,1934.9,1404.6,1404.9,1404.9,756.1,1468.5,1415.0,1404.5,10.469,10.79,10.737,11.005
46648,100.0,86.0,1953.43,211.95,1957.17,198.68,4.7,27.0,620.89,441.6,402.37,1404.5,592.5,6.0,4.4,5.5,8.1,8.1,8.8,0.0,3.1,0.0,0.0,0.0,1.0,1.1,0.4,0.9,220.0,1983.0,1989.7,252.0,252.54,20230226,2.5,1.0,1.7,1.0,1.0,1.0,1.7,1.2,1.0,1.2,1.7,0.0,0.0,1989.4,1936.7,1404.2,1405.1,1405.1,696.5,1467.0,1415.0,1404.5,10.469,10.79,10.737,11.005
46649,100.0,86.0,1952.49,211.95,1957.17,197.17,4.7,27.0,620.89,441.6,401.86,1404.5,592.43,6.4,4.6,5.5,7.8,7.9,8.8,3.8,3.1,2.3,0.0,0.0,1.3,3.2,3.2,2.2,220.0,1983.0,1987.92,252.0,252.22,20230226,2.5,1.0,1.7,1.0,1.0,1.0,1.7,1.2,1.0,1.2,1.7,0.0,0.0,1990.1,1936.7,1404.3,1405.1,1405.1,696.5,1465.7,1415.0,1404.5,10.469,10.79,10.737,11.005
46650,100.0,86.0,1954.91,212.16,1958.89,198.66,4.7,27.0,620.98,441.6,401.86,1404.5,592.5,6.4,4.6,5.1,7.8,7.3,8.6,3.8,3.8,2.3,0.0,0.0,1.3,3.2,3.2,2.2,220.0,1983.0,1987.92,252.0,252.22,20230226,2.5,1.0,1.7,1.0,1.0,1.0,1.7,1.2,1.0,1.2,1.7,0.0,0.0,1990.1,1934.9,1404.5,1404.6,1404.9,637.9,1466.4,1415.0,1404.5,10.469,10.79,10.737,11.005
46651,100.0,86.0,1954.91,212.16,1958.89,198.66,4.7,27.0,620.98,441.6,400.84,1404.5,592.75,6.2,4.8,5.1,7.8,7.3,8.6,4.1,3.8,99.9,0.0,0.0,1.0,-0.5,0.4,0.7,220.0,1983.0,1990.41,252.0,252.2,20230226,2.5,1.0,1.7,1.0,1.0,1.0,1.7,1.2,1.0,1.2,1.7,0.0,0.0,1989.6,1936.7,1404.5,1404.5,1405.3,682.3,1467.4,1415.0,1404.5,10.469,10.78,10.737,11.005
46652,100.0,86.0,1952.99,211.02,1958.35,198.08,4.7,27.0,621.62,441.6,400.84,1404.5,592.75,6.2,4.8,5.1,7.4,8.4,9.1,4.1,1.5,99.9,0.0,0.0,2.3,1.1,0.4,0.7,220.0,1983.0,1990.41,252.0,252.2,20230226,2.5,1.0,1.7,1.0,1.0,1.0,1.7,1.2,1.0,1.2,1.7,0.0,0.0,1992.0,1936.7,1404.2,1404.5,1405.3,682.3,1470.3,1415.0,1404.5,10.469,10.76,10.737,11.005
46653,100.0,86.0,1953.75,211.11,1956.75,199.07,4.7,27.0,621.81,441.6,402.37,1404.5,592.64,7.1,4.4,5.2,7.9,8.4,9.1,3.4,3.4,2.0,0.0,0.0,2.3,1.3,2.2,1.8,220.0,1983.0,1990.41,252.0,252.05,20230226,2.5,1.0,1.7,1.0,1.0,1.0,1.7,1.2,1.0,1.2,1.7,0.0,0.0,1992.0,1934.9,1404.2,1405.4,1405.1,573.6,1470.3,1415.0,1404.5,10.469,10.78,10.737,11.005
46654,100.0,86.0,1953.75,211.11,1960.19,199.07,4.7,27.0,621.81,441.6,402.88,1404.5,592.69,7.1,3.3,5.2,7.9,7.9,8.4,3.4,3.4,2.0,0.0,0.0,1.0,2.8,2.8,3.2,220.0,1983.0,1988.99,252.0,251.97,20230226,2.5,1.0,1.7,1.0,1.0,1.0,1.7,1.2,1.0,1.2,1.7,0.0,0.0,1989.9,1934.9,1404.8,1405.4,1405.2,573.6,1469.4,1415.0,1404.5,10.469,10.77,10.737,11.005
46655,100.0,86.0,1951.73,212.09,1960.19,198.45,4.7,27.0,621.15,441.6,401.86,1404.5,592.69,5.3,4.8,5.3,8.7,8.6,9.0,1.5,2.5,2.0,0.0,0.0,0.0,2.8,2.8,3.2,220.0,1983.0,1988.99,252.0,251.99,20230226,2.5,1.0,1.7,1.0,1.0,1.0,1.7,1.2,1.0,1.2,1.7,0.0,0.0,1988.8,1934.9,1404.8,1405.1,1405.2,599.7,1470.3,1415.0,1404.5,10.469,10.74,10.737,11.005
46656,100.0,86.0,1954.34,212.09,1957.46,198.66,4.7,27.0,621.05,441.6,400.84,1404.5,592.68,5.3,4.8,5.3,8.7,8.6,9.1,0.0,2.5,0.0,0.0,0.0,0.0,1.8,1.8,1.8,220.0,1983.0,1989.35,252.0,251.99,20230226,2.5,1.0,1.7,1.0,1.0,1.0,1.7,1.2,1.0,1.2,1.7,0.0,0.0,1990.7,1934.9,1404.5,1404.3,1405.2,706.3,1470.3,1415.0,1404.5,10.469,10.77,10.737,11.005
46657,100.0,86.0,1953.94,211.79,1957.46,198.66,4.7,27.0,621.05,441.6,442.0,1404.5,592.81,7.5,4.2,5.8,8.3,8.1,9.1,0.0,3.1,0.0,0.0,0.0,0.0,0.9,1.8,1.3,220.0,1983.0,1987.21,252.0,251.92,20230226,2.5,1.0,1.7,1.0,1.0,1.0,1.7,1.2,1.0,1.2,1.7,0.0,0.0,1991.5,1934.9,1404.8,1404.9,1405.7,750.5,1469.4,1415.0,1404.5,10.469,10.77,10.737,11.005
46658,100.0,86.0,1953.94,210.92,1957.46,198.0,4.7,27.0,621.01,441.6,442.0,1404.5,592.87,7.5,4.2,5.8,8.1,7.7,8.8,1.9,3.1,2.0,1.2,1.2,1.7,5.0,3.2,4.1,220.0,1983.0,1988.63,252.0,251.94,20230226,2.5,1.0,1.7,1.0,1.0,1.0,1.7,1.2,1.0,1.2,1.7,0.0,0.0,1991.5,1934.9,1404.8,1404.9,1405.7,750.5,1468.6,1415.0,1404.5,10.469,10.75,10.737,11.005
46659,100.0,86.0,1951.42,210.4,1956.25,198.0,4.7,27.0,620.97,441.6,442.0,1404.5,593.21,6.0,4.2,5.1,8.3,7.9,8.6,1.9,2.5,2.0,1.2,1.2,1.7,5.0,3.2,4.1,220.0,1983.0,1988.63,252.0,251.94,20230226,2.5,1.0,1.7,1.0,1.0,1.0,1.7,1.2,1.0,1.2,1.7,0.0,0.0,1989.9,1934.9,1403.9,1404.2,1404.7,655.7,1468.6,1415.0,1404.5,10.469,10.75,10.737,11.005
47426,130.0,86.0,2070.52,210.93,2072.19,197.41,5.1,27.0,620.89,441.89,438.44,1404.5,663.44,5.7,5.7,5.7,9.7,9.0,8.1,3.1,0.0,2.3,2.3,0.0,2.1,3.0,2.4,3.0,240.0,1983.0,1984.36,252.0,251.55,20230227,2.5,1.7,3.0,2.0,2.5,1.7,2.5,2.0,2.5,1.2,1.7,0.0,0.0,1409.5,1936.7,1410.4,1410.3,1410.2,776.5,1476.3,1420.0,1404.5,10.469,10.65,10.737,11.005
47427,100.0,86.0,1950.86,210.6,1956.96,198.05,4.7,27.0,620.88,441.89,401.86,1404.5,592.86,5.7,5.7,5.7,8.7,6.1,8.1,3.4,3.4,2.6,0.0,0.0,1.0,0.1,-2.8,0.4,220.0,1983.0,1982.23,252.0,251.53,20230227,2.5,1.0,1.7,1.0,1.0,1.0,1.7,1.2,1.0,1.2,1.7,0.0,0.0,1404.3,1936.7,1404.6,1404.5,1404.9,590.8,1467.7,1415.0,1404.5,10.469,10.66,10.737,11.005
47428,100.0,86.0,1950.86,210.74,1961.23,198.05,4.7,27.0,620.93,441.89,400.33,1404.5,593.21,5.1,3.0,3.9,7.0,8.6,8.1,2.5,3.4,1.7,0.0,0.0,0.0,0.1,0.1,0.4,220.0,1983.0,1984.36,252.0,251.53,20230227,2.5,1.0,1.8,1.2,2.0,1.2,2.0,1.2,2.0,1.2,2.0,0.0,0.0,1403.9,1936.7,1403.9,1404.3,1404.6,827.5,1475.2,1415.0,1404.5,10.469,10.64,10.737,11.005
47429,100.0,86.0,1946.71,210.74,1956.75,197.71,4.7,27.0,621.01,441.89,402.88,1404.5,593.21,5.7,6.0,5.8,7.8,8.6,9.0,2.5,2.2,99.9,0.0,0.0,0.0,-0.8,-3.4,-2.2,220.0,1983.0,1984.36,252.0,252.47,20230227,2.5,1.0,1.8,1.2,2.0,1.2,2.0,1.2,2.0,1.2,2.0,0.0,0.0,1968.6,1934.9,1405.2,1404.5,1404.6,827.5,1475.2,1415.0,1404.5,10.469,10.53,10.737,11.005
47430,100.0,86.0,1949.97,211.77,1956.75,197.87,4.7,27.0,621.01,441.89,401.86,1404.5,592.96,6.6,6.9,6.7,7.8,8.4,9.0,0.0,2.2,99.9,0.0,0.0,0.0,-0.8,0.1,0.4,220.0,1983.0,1983.65,252.0,252.47,20230227,2.5,1.0,1.8,1.2,2.0,1.2,2.0,1.2,2.0,1.2,2.0,0.0,0.0,1992.1,1934.9,1405.2,1404.9,1405.2,712.2,1467.4,1415.0,1404.5,10.469,10.6,10.737,11.005
47431,100.0,85.0,1949.97,211.77,1959.24,197.87,4.7,27.0,620.86,441.89,401.35,1404.0,592.95,6.6,6.9,6.7,6.9,8.4,9.0,3.1,2.2,3.2,0.0,0.0,1.3,1.1,0.4,0.9,220.0,1983.0,1983.65,252.0,252.06,20230227,2.5,1.0,1.8,1.2,2.0,1.2,2.0,1.2,2.0,1.2,2.0,0.0,0.0,1992.1,1936.7,1405.1,1404.9,1405.2,573.9,1465.7,1415.0,1404.5,10.469,10.62,10.737,11.005
47432,100.0,85.0,1949.49,211.06,1959.24,197.34,4.7,27.0,620.86,441.89,402.88,1404.0,592.83,6.4,6.0,5.1,6.3,7.2,9.3,3.1,1.2,3.2,0.0,0.3,2.0,1.1,0.4,0.9,220.0,1983.0,1983.65,252.0,252.12,20230227,2.5,1.0,1.8,1.2,2.0,1.2,2.0,1.2,2.0,1.2,2.0,0.0,0.0,1968.0,1936.7,1404.3,1405.4,1406.0,731.8,1466.2,1415.0,1404.5,10.469,10.59,10.737,11.005
47433,100.0,85.0,1949.49,211.35,1958.53,197.34,4.7,27.0,620.88,441.89,400.84,1404.0,592.92,6.4,6.0,5.1,6.3,7.2,9.3,1.2,0.0,1.7,3.1,0.0,2.0,1.1,0.4,0.4,220.0,1983.0,1984.36,252.0,252.22,20230227,2.5,1.0,1.8,1.2,2.0,1.2,2.0,1.2,2.0,1.2,2.0,0.0,0.0,1968.0,1936.7,1404.3,1405.4,1406.0,732.1,1466.2,1415.0,1404.0,10.469,10.61,10.737,11.005
47434,100.0,85.0,1949.56,212.31,1958.62,196.99,4.7,27.0,620.88,441.89,401.35,1404.0,592.92,6.0,5.7,5.8,5.6,6.8,9.3,1.2,0.0,1.7,3.1,0.0,1.7,0.4,0.4,0.1,220.0,1983.0,1984.36,252.0,252.31,20230227,2.5,1.0,1.8,1.2,2.0,1.2,2.0,1.2,2.0,1.2,2.0,0.0,0.0,1966.8,1934.9,1404.0,1403.7,1404.4,732.1,1468.3,1415.0,1404.0,10.469,10.64,10.737,11.005
47435,100.0,85.0,1949.56,212.31,1958.62,197.59,4.7,27.0,620.99,441.89,401.86,1404.0,593.0,6.0,5.7,5.8,6.1,5.4,9.1,2.2,1.9,1.7,0.0,0.0,0.0,3.7,4.6,4.1,220.0,1983.0,1983.29,252.0,252.31,20230227,2.5,1.0,1.8,1.2,2.0,1.2,2.0,1.2,2.0,1.2,2.0,0.0,0.0,1955.0,1936.7,1404.0,1404.6,1404.5,616.2,1468.3,1415.0,1404.0,10.469,10.61,10.737,11.005
47436,100.0,85.0,1949.56,212.9,1958.26,197.76,4.7,27.0,621.05,441.89,399.82,1404.0,593.0,4.8,5.9,4.2,6.1,5.4,9.1,2.2,1.9,1.7,0.0,0.0,0.0,3.7,4.6,4.1,220.0,1983.0,1985.07,252.0,251.57,20230227,2.5,1.0,1.8,1.2,2.0,1.2,2.0,1.2,2.0,1.2,2.0,0.0,0.0,1958.3,1936.7,1404.3,1404.6,1405.2,616.2,1467.7,1415.0,1404.0,10.469,10.58,10.737,11.005
47437,100.0,85.0,1951.95,212.9,1958.26,197.76,4.7,27.0,621.05,441.89,400.84,1404.0,592.98,6.0,5.9,4.4,5.8,6.6,8.8,0.0,0.0,1.0,2.2,0.0,1.0,1.8,0.9,1.8,220.0,1983.0,1985.07,252.0,251.59,20230227,2.5,1.0,1.8,1.2,2.0,1.2,2.0,1.2,2.0,1.2,2.0,0.0,0.0,1958.3,1936.7,1404.3,1404.6,1405.2,848.8,1465.0,1415.0,1404.0,10.469,10.59,10.737,11.005
47438,100.0,85.0,1951.95,211.26,1957.82,196.31,4.7,27.0,621.03,441.89,401.86,1404.0,593.03,6.0,5.3,4.4,9.7,6.6,8.8,0.0,0.0,1.0,2.2,0.0,1.0,2.8,-0.5,1.1,220.0,1983.0,1984.36,252.0,251.59,20230227,2.5,1.0,1.8,1.2,2.0,1.2,2.0,1.2,2.0,1.2,2.0,0.0,0.0,1962.2,1934.9,1404.8,1404.6,1404.8,848.8,1463.8,1415.0,1404.0,10.469,10.57,10.737,11.005
47439,100.0,85.0,1949.8,212.46,1959.45,196.93,4.7,27.0,620.94,441.89,400.84,1404.0,593.11,6.9,6.2,6.5,9.7,6.6,9.5,4.7,2.2,2.9,2.2,1.2,1.0,2.8,0.9,1.3,220.0,1983.0,1984.36,252.0,251.55,20230227,2.5,1.0,1.8,1.2,2.0,1.2,2.0,1.2,2.0,1.2,2.0,0.0,0.0,1964.9,1934.9,1404.8,1404.6,1404.9,702.2,1465.6,1415.0,1404.0,10.469,10.56,10.737,11.005
47440,100.0,85.0,1951.03,212.46,1959.45,202.02,4.7,27.0,620.94,441.89,400.84,1404.0,593.43,6.9,6.2,6.5,5.4,6.6,9.5,4.7,2.2,2.9,0.0,2.8,0.0,3.2,3.2,3.7,220.0,1983.0,1982.58,252.0,251.45,20230227,2.5,1.0,1.8,1.2,2.0,1.2,2.0,1.2,2.0,1.2,2.0,0.0,0.0,1966.1,1934.9,1404.8,1404.6,1405.0,702.2,1465.6,1415.0,1404.0,10.469,10.55,10.737,11.005
47441,100.0,85.0,1951.03,210.01,1960.66,202.02,4.7,27.0,620.87,441.89,400.84,1404.0,593.43,5.5,5.0,4.8,4.7,5.4,8.2,3.8,3.4,3.2,0.0,2.8,0.0,3.2,3.2,3.7,220.0,1983.0,1982.58,252.0,251.12,20230227,2.5,1.0,1.8,1.2,2.0,1.2,2.0,1.2,2.0,1.2,2.0,0.0,0.0,1966.5,1934.9,1404.3,1404.5,1405.6,674.6,1466.2,1415.0,1404.0,10.469,10.52,10.737,11.005
47442,100.0,85.0,1949.25,211.56,1960.66,198.97,4.7,27.0,620.87,441.89,400.84,1404.0,593.5,5.7,6.2,4.8,4.7,5.9,7.9,3.8,4.7,3.2,0.0,0.3,1.0,2.2,2.2,2.2,220.0,1983.0,1981.16,252.0,251.09,20230227,2.5,1.0,1.8,1.2,2.0,1.2,2.0,1.2,2.0,1.2,2.0,0.0,0.0,1968.5,1934.9,1404.3,1404.5,1405.6,674.6,1466.2,1415.0,1404.0,10.469,10.58,10.737,11.005
47443,100.0,85.0,1950.14,211.56,1961.37,198.97,4.7,27.0,620.87,441.89,401.35,1404.0,593.5,5.7,6.2,4.8,4.3,5.9,9.9,2.8,4.7,1.7,0.0,0.0,1.3,13.5,9.8,12.1,220.0,1983.0,1982.23,252.0,250.96,20230227,2.5,1.0,1.8,1.2,2.0,1.2,2.0,1.2,2.0,1.2,2.0,0.0,0.0,1968.5,1934.9,1403.7,1404.3,1404.6,600.8,1465.2,1415.0,1404.0,10.469,10.73,10.737,11.005
47444,100.0,85.0,1949.26,210.58,1958.65,198.67,4.9,27.0,620.87,441.89,401.86,1404.0,593.09,5.1,5.3,4.6,6.5,6.3,9.9,3.1,3.4,1.7,1.5,0.0,1.7,13.5,9.8,12.1,220.0,1983.0,1982.23,252.0,250.96,20230227,2.5,1.0,1.8,1.2,2.0,1.2,2.0,1.2,2.0,1.2,2.0,0.0,0.0,1974.0,1934.9,1405.7,1404.0,1404.1,693.3,1467.5,1415.0,1404.0,10.469,10.72,10.737,11.005
47445,100.0,85.0,1951.74,212.05,1960.28,198.67,4.9,27.0,620.95,441.89,400.84,1404.0,592.98,7.8,5.3,4.4,6.9,6.4,8.8,3.1,3.4,1.3,1.5,0.0,1.7,2.2,9.8,3.2,220.0,1983.0,1982.94,252.0,251.13,20230227,2.5,1.0,1.8,1.2,2.0,1.2,2.0,1.2,2.0,1.2,2.0,0.0,0.0,1974.0,1934.9,1405.7,1406.1,1405.9,716.1,1475.4,1415.0,1404.0,10.469,10.75,10.737,11.005
47446,100.0,85.0,1951.74,212.05,1959.0,199.04,4.9,27.0,620.99,441.89,401.35,1404.0,592.99,7.8,4.4,4.2,6.9,6.4,8.8,6.0,2.5,2.0,0.0,0.0,0.0,2.2,1.8,3.2,220.0,1983.0,1982.94,252.0,251.85,20230227,2.5,1.0,1.8,1.2,2.0,1.2,2.0,1.2,2.0,1.2,2.0,0.0,0.0,1970.3,1936.7,1404.2,1406.1,1405.9,716.1,1475.4,1415.0,1404.0,10.469,10.8,10.737,11.005
47447,100.0,85.0,1949.49,210.72,1960.4,199.04,4.9,27.0,620.99,441.89,400.84,1404.0,593.12,4.8,4.6,4.2,7.6,6.4,8.8,6.0,2.5,99.9,0.0,0.3,0.1,2.2,-0.2,0.7,220.0,1983.0,1983.65,252.0,251.85,20230227,2.5,1.0,1.8,1.2,2.0,1.2,2.0,1.2,2.0,1.2,2.0,0.0,0.0,1966.5,1936.7,1404.2,1403.9,1404.3,594.9,1467.4,1415.0,1404.0,10.469,10.8,10.737,11.005
47448,100.0,85.0,1949.49,211.35,1960.4,199.04,4.9,27.0,620.98,441.89,401.86,1404.0,593.12,5.7,6.9,6.3,7.6,7.0,8.8,5.3,0.0,99.9,0.0,0.0,0.0,2.2,-0.5,0.4,220.0,1983.0,1983.65,252.0,251.2,20230227,2.5,1.0,1.8,1.2,2.0,1.2,2.0,1.2,2.0,1.2,2.0,0.0,0.0,1969.7,1934.9,1404.2,1404.5,1404.9,642.3,1466.5,1415.0,1404.0,10.469,10.81,10.737,11.005
47449,100.0,85.0,1950.44,211.35,1959.8,199.17,4.9,27.0,620.98,441.89,401.86,1404.0,592.9,5.7,6.9,6.3,6.1,7.0,8.2,5.3,1.9,2.9,0.0,0.0,0.0,1.8,1.1,1.8,220.0,1983.0,1982.94,252.0,250.94,20230227,2.5,1.0,1.8,1.2,2.0,1.2,2.0,1.2,2.0,1.2,2.0,0.0,0.0,1969.7,1938.5,1404.2,1404.5,1404.9,642.3,1464.6,1415.0,1404.0,10.469,10.81,10.737,11.005
47450,100.0,85.0,1950.44,210.35,1959.8,199.31,4.9,27.0,620.96,441.89,401.35,1404.0,593.09,5.0,5.3,5.0,6.1,5.7,8.2,3.4,1.9,99.9,0.0,0.0,1.3,1.8,1.1,1.8,220.0,1983.0,1982.94,252.0,250.82,20230227,2.5,1.0,1.8,1.2,2.0,1.2,2.0,1.2,2.0,1.2,2.0,0.0,0.0,1966.4,1938.5,1404.0,1403.7,1404.6,604.4,1468.3,1415.0,1404.0,10.469,10.78,10.737,11.005
47451,100.0,85.0,1949.2,210.35,1959.33,199.33,4.9,27.0,620.99,441.89,399.82,1404.0,593.09,5.3,5.7,5.0,5.2,9.1,8.2,3.4,1.9,99.9,0.0,0.0,1.3,1.3,0.7,1.8,220.0,1983.0,1985.07,252.0,250.82,20230227,2.5,1.0,1.8,1.2,2.0,1.2,2.0,1.2,2.0,1.2,2.0,0.0,0.0,1966.5,1936.7,1403.9,1403.7,1404.6,697.7,1475.7,1415.0,1404.0,10.469,10.79,10.737,11.005
47452,100.0,85.0,1949.67,210.44,1959.54,199.33,4.9,27.0,620.99,441.89,399.82,1404.0,592.81,7.1,6.4,5.7,5.2,9.1,9.3,1.2,1.9,0.0,0.0,0.0,1.0,1.3,0.7,0.7,220.0,1983.0,1985.07,252.0,250.74,20230227,2.5,1.0,1.8,1.2,2.0,1.2,2.0,1.2,2.0,1.2,2.0,0.0,0.0,1970.3,1936.7,1403.6,1404.6,1404.1,730.9,1475.7,1415.0,1404.0,10.469,10.78,10.737,11.005
47453,100.0,85.0,1949.8,211.69,1960.99,199.2,4.9,27.0,621.04,441.89,400.84,1404.0,592.75,7.1,6.4,5.7,8.1,6.1,9.3,2.2,13.3,1.3,0.0,0.0,1.0,0.7,0.4,0.4,220.0,1983.0,1985.07,252.0,250.66,20230227,2.5,1.0,1.8,1.2,2.0,1.2,2.0,1.2,2.0,1.2,2.0,0.0,0.0,1970.3,1934.9,1405.4,1405.1,1405.8,730.9,1465.9,1415.0,1404.0,10.469,10.78,10.737,11.005
47454,100.0,85.0,1952.37,211.69,1961.61,199.2,4.9,27.0,621.45,441.89,400.84,1404.0,592.7,4.8,5.5,4.1,8.1,7.2,9.1,2.2,13.3,1.3,0.0,0.0,1.7,0.7,0.9,0.9,220.0,1983.0,1984.36,252.0,250.45,20230227,2.5,1.0,1.8,1.2,2.0,1.2,2.0,1.2,2.0,1.2,2.0,0.0,0.0,1969.8,1936.7,1405.4,1405.1,1405.9,686.8,1465.9,1415.0,1404.0,10.469,10.78,10.737,11.005
